date,sn,contract_no,stock_symbol,buyer,seller,quantity,rate,amount
2026-05-20,1,2026052005012577,AHL,45,35,130,503.00,"65,390.00"
2026-05-20,2,2026052005012576,AHL,48,35,200,503.00,"100,600.00"
2026-05-20,3,2026052005012575,AHL,36,35,50,503.40,"25,170.00"
2026-05-20,4,2026052005012574,AHL,58,35,10,503.50,"5,035.00"
2026-05-20,5,2026052005012553,AHL,56,74,10,507.90,"5,079.00"
2026-05-20,6,2026052005012204,AHL,57,74,68,504.00,"34,272.00"
2026-05-20,7,2026052005012573,BEDC,49,42,163,375.00,"61,125.00"
2026-05-20,8,2026052005012572,BEDC,49,58,40,375.00,"15,000.00"
2026-05-20,9,2026052005012571,BEDC,49,58,35,375.00,"13,125.00"
2026-05-20,10,2026052005012570,BEDC,49,59,30,375.00,"11,250.00"
2026-05-20,11,2026052005012569,BEDC,49,58,32,375.00,"12,000.00"
2026-05-20,12,2026052005012192,BEDC,18,52,500,374.80,"187,400.00"
2026-05-20,13,2026052005012282,BEDC,42,58,368,375.00,"138,000.00"
2026-05-20,14,2026052005012281,BEDC,42,57,80,375.00,"30,000.00"
2026-05-20,15,2026052005012280,BEDC,42,58,50,374.90,"18,745.00"
2026-05-20,16,2026052005012279,BEDC,42,36,10,374.80,"3,748.00"
2026-05-20,17,2026052005012278,BEDC,42,52,500,374.80,"187,400.00"
2026-05-20,18,2026052005012547,BGWT,74,47,10,656.80,"6,568.00"
2026-05-20,19,2026052005012546,BGWT,58,47,10,657.00,"6,570.00"
2026-05-20,20,2026052005012129,BGWT,40,58,5,660.00,"3,300.00"
2026-05-20,21,2026052005012113,BHDC,39,40,13,467.00,"6,071.00"
2026-05-20,22,2026052005012112,BHDC,39,34,17,466.00,"7,922.00"
2026-05-20,23,2026052005012545,BHL,56,7,"1,293",226.80,"293,252.40"
2026-05-20,24,2026052005012531,BHL,39,38,170,226.60,"38,522.00"
2026-05-20,25,2026052005012530,BHL,39,66,50,226.60,"11,330.00"
2026-05-20,26,2026052005012393,BHL,39,58,200,226.60,"45,320.00"
2026-05-20,27,2026052005012356,BHL,39,58,150,226.60,"33,990.00"
2026-05-20,28,2026052005012272,BHL,39,45,50,226.60,"11,330.00"
2026-05-20,29,2026052005012253,BHL,39,52,300,226.60,"67,980.00"
2026-05-20,30,2026052005012201,BHL,56,32,860,226.50,"194,790.00"
2026-05-20,31,2026052005012548,BHPL,26,32,50,535.00,"26,750.00"
2026-05-20,32,2026052005012512,BHPL,34,54,150,535.00,"80,250.00"
2026-05-20,33,2026052005012511,BHPL,34,51,10,533.00,"5,330.00"
2026-05-20,34,2026052005012510,BHPL,34,38,10,532.00,"5,320.00"
2026-05-20,35,2026052005012509,BHPL,34,37,10,531.00,"5,310.00"
2026-05-20,36,2026052005012508,BHPL,34,58,14,530.00,"7,420.00"
2026-05-20,37,2026052005012216,BHPL,34,45,121,528.00,"63,888.00"
2026-05-20,38,2026052005012215,BHPL,34,13,40,527.90,"21,116.00"
2026-05-20,39,2026052005012214,BHPL,34,42,200,527.50,"105,500.00"
2026-05-20,40,2026052005012213,BHPL,34,49,14,525.00,"7,350.00"
2026-05-20,41,2026052005012325,BHPL,34,42,55,529.80,"29,139.00"
2026-05-20,42,2026052005012221,BHPL,34,42,75,529.80,"39,735.00"
2026-05-20,43,2026052005012220,BHPL,34,44,30,529.00,"15,870.00"
2026-05-20,44,2026052005012219,BHPL,34,45,100,529.00,"52,900.00"
2026-05-20,45,2026052005012218,BHPL,34,58,410,528.00,"216,480.00"
2026-05-20,46,2026052005012217,BHPL,34,4,10,528.00,"5,280.00"
2026-05-20,47,2026052005012331,BHPL,34,58,46,530.00,"24,380.00"
2026-05-20,48,2026052005012330,BHPL,34,29,510,530.00,"270,300.00"
2026-05-20,49,2026052005012329,BHPL,34,58,10,530.00,"5,300.00"
2026-05-20,50,2026052005012328,BHPL,34,57,69,530.00,"36,570.00"
2026-05-20,51,2026052005012327,BHPL,34,43,200,529.90,"105,980.00"
2026-05-20,52,2026052005012326,BHPL,34,49,10,529.80,"5,298.00"
2026-05-20,53,2026052005012276,BNHC,52,35,100,332.00,"33,200.00"
2026-05-20,54,2026052005012275,BNHC,52,45,643,331.80,"213,347.40"
2026-05-20,55,2026052005012274,BNHC,52,25,30,331.70,"9,951.00"
2026-05-20,56,2026052005012595,CHDC,32,49,10,"2,285.90","22,859.00"
2026-05-20,57,2026052005012313,CHDC,77,16,195,"2,290.00","446,550.00"
2026-05-20,58,2026052005012187,CHDC,77,45,50,"2,290.00","114,500.00"
2026-05-20,59,2026052005012186,CHDC,77,66,940,"2,289.00","2,151,660.00"
2026-05-20,60,2026052005012185,CHDC,77,14,10,"2,288.90","22,889.00"
2026-05-20,61,2026052005012184,CHDC,77,45,500,"2,288.00","1,144,000.00"
2026-05-20,62,2026052005012183,CHDC,77,49,113,"2,287.00","258,431.00"
2026-05-20,63,2026052005012182,CHDC,77,32,130,"2,286.00","297,180.00"
2026-05-20,64,2026052005012181,CHDC,77,58,12,"2,285.00","27,420.00"
2026-05-20,65,2026052005012180,CHDC,77,7,50,"2,285.00","114,250.00"
2026-05-20,66,2026052005012312,CIT,16,26,50,"1,770.00","88,500.00"
2026-05-20,67,2026052005012311,CIT,16,34,30,"1,770.00","53,100.00"
2026-05-20,68,2026052005012310,CIT,16,4,98,"1,770.00","173,460.00"
2026-05-20,69,2026052005012560,CKHL,92,17,20,670.00,"13,400.00"
2026-05-20,70,2026052005012559,CKHL,92,22,10,668.90,"6,689.00"
2026-05-20,71,2026052005012558,CKHL,92,80,10,660.00,"6,600.00"
2026-05-20,72,2026052005012557,CKHL,92,49,10,660.00,"6,600.00"
2026-05-20,73,2026052005012556,CKHL,92,53,10,659.90,"6,599.00"
2026-05-20,74,2026052005012555,CKHL,92,22,10,659.90,"6,599.00"
2026-05-20,75,2026052005012599,CLI,58,35,26,454.50,"11,817.00"
2026-05-20,76,2026052005012333,CLI,57,35,60,454.50,"27,270.00"
2026-05-20,77,2026052005012323,CLI,35,17,198,454.30,"89,951.40"
2026-05-20,78,2026052005012322,CLI,77,17,52,454.40,"23,628.80"
2026-05-20,79,2026052005012229,CLI,77,42,13,454.40,"5,907.20"
2026-05-20,80,2026052005012588,DOLTI,49,38,10,348.00,"3,480.00"
2026-05-20,81,2026052005012351,DOLTI,17,85,359,347.00,"124,573.00"
2026-05-20,82,2026052005012345,DOLTI,1,85,100,347.00,"34,700.00"
2026-05-20,83,2026052005012308,DOLTI,42,85,864,347.00,"299,808.00"
2026-05-20,84,2026052005012197,DOLTI,22,85,43,347.00,"14,921.00"
2026-05-20,85,2026052005012196,DOLTI,57,85,25,347.00,"8,675.00"
2026-05-20,86,2026052005012195,DOLTI,16,85,757,347.00,"262,679.00"
2026-05-20,87,2026052005012156,DOLTI,16,67,43,347.00,"14,921.00"
2026-05-20,88,2026052005012528,DORDI,16,34,10,278.00,"2,780.00"
2026-05-20,89,2026052005012251,DORDI,16,36,200,276.00,"55,200.00"
2026-05-20,90,2026052005012354,EHPL,41,34,10,392.90,"3,929.00"
2026-05-20,91,2026052005012153,EHPL,44,26,50,391.00,"19,550.00"
2026-05-20,92,2026052005012152,EHPL,45,26,50,392.00,"19,600.00"
2026-05-20,93,2026052005012151,EHPL,39,26,350,392.10,"137,235.00"
2026-05-20,94,2026052005012150,EHPL,39,26,50,392.20,"19,610.00"
2026-05-20,95,2026052005012549,ENL,60,44,10,895.00,"8,950.00"
2026-05-20,96,2026052005012578,GCIL,32,43,20,422.90,"8,458.00"
2026-05-20,97,2026052005012116,GCIL,48,43,20,422.90,"8,458.00"
2026-05-20,98,2026052005012245,GCIL,16,43,205,422.90,"86,694.50"
2026-05-20,99,2026052005012244,GCIL,16,28,10,422.80,"4,228.00"
2026-05-20,100,2026052005012189,GVL,16,45,350,492.50,"172,375.00"
2026-05-20,101,2026052005012171,GVL,25,45,50,492.50,"24,625.00"
2026-05-20,102,2026052005012145,GVL,58,45,200,492.50,"98,500.00"
2026-05-20,103,2026052005012352,HATHY,70,48,100,802.90,"80,290.00"
2026-05-20,104,2026052005012149,HATHY,18,41,163,800.10,"130,416.30"
2026-05-20,105,2026052005012117,HATHY,77,49,14,802.80,"11,239.20"
2026-05-20,106,2026052005012136,HDL,59,95,300,"1,162.00","348,600.00"
2026-05-20,107,2026052005012135,HDL,34,95,20,"1,162.00","23,240.00"
2026-05-20,108,2026052005012134,HDL,56,95,84,"1,162.00","97,608.00"
2026-05-20,109,2026052005012115,HDL,34,69,75,"1,163.00","87,225.00"
2026-05-20,110,2026052005012139,HDL,45,95,147,"1,161.00","170,667.00"
2026-05-20,111,2026052005012138,HDL,42,95,100,"1,161.00","116,100.00"
2026-05-20,112,2026052005012137,HDL,45,95,174,"1,161.00","202,014.00"
2026-05-20,113,2026052005012505,HHL,58,20,10,373.30,"3,733.00"
2026-05-20,114,2026052005012256,HHL,35,10,100,373.00,"37,300.00"
2026-05-20,115,2026052005012247,HHL,35,26,774,373.00,"288,702.00"
2026-05-20,116,2026052005012246,HHL,38,26,950,373.00,"354,350.00"
2026-05-20,117,2026052005012222,HHL,38,4,100,373.00,"37,300.00"
2026-05-20,118,2026052005012177,HHL,38,41,50,373.00,"18,650.00"
2026-05-20,119,2026052005012154,HHL,38,4,200,373.00,"74,600.00"
2026-05-20,120,2026052005012592,HIDCL,57,42,20,272.00,"5,440.00"
2026-05-20,121,2026052005012561,HIDCL,62,68,10,272.50,"2,725.00"
2026-05-20,122,2026052005012523,HIDCL,32,68,200,272.50,"54,500.00"
2026-05-20,123,2026052005012397,HIDCL,57,32,11,272.00,"2,992.00"
2026-05-20,124,2026052005012344,HIDCL,57,38,100,272.00,"27,200.00"
2026-05-20,125,2026052005012342,HIDCL,57,38,50,272.00,"13,600.00"
2026-05-20,126,2026052005012132,HIDCL,64,42,239,271.90,"64,984.10"
2026-05-20,127,2026052005012106,HIDCL,39,25,200,272.00,"54,400.00"
2026-05-20,128,2026052005012341,HIDCL,57,52,70,272.00,"19,040.00"
2026-05-20,129,2026052005012340,HIDCL,57,35,799,272.00,"217,328.00"
2026-05-20,130,2026052005012292,HIDCL,47,42,60,271.90,"16,314.00"
2026-05-20,131,2026052005012203,HIDCL,47,92,100,271.90,"27,190.00"
2026-05-20,132,2026052005012194,HIDCL,64,35,201,272.00,"54,672.00"
2026-05-20,133,2026052005012193,HIDCL,64,25,300,272.00,"81,600.00"
2026-05-20,134,2026052005012541,HRL,49,89,80,645.00,"51,600.00"
2026-05-20,135,2026052005012532,HRL,49,8,21,645.00,"13,545.00"
2026-05-20,136,2026052005012362,HRL,43,59,359,646.00,"231,914.00"
2026-05-20,137,2026052005012361,HRL,43,35,141,645.00,"90,945.00"
2026-05-20,138,2026052005012131,HRL,45,58,13,645.00,"8,385.00"
2026-05-20,139,2026052005012130,HRL,45,42,50,645.00,"32,250.00"
2026-05-20,140,2026052005012114,HRL,28,42,50,645.00,"32,250.00"
2026-05-20,141,2026052005012277,HRL,14,26,10,645.00,"6,450.00"
2026-05-20,142,2026052005012248,HRL,58,58,40,644.20,"25,768.00"
2026-05-20,143,2026052005012226,HRL,17,26,13,645.00,"8,385.00"
2026-05-20,144,2026052005012225,HRL,17,39,35,645.00,"22,575.00"
2026-05-20,145,2026052005012224,HRL,17,58,37,645.00,"23,865.00"
2026-05-20,146,2026052005012188,HRL,45,58,50,645.00,"32,250.00"
2026-05-20,147,2026052005012343,HRL,52,35,20,645.00,"12,900.00"
2026-05-20,148,2026052005012336,HRL,35,35,39,645.00,"25,155.00"
2026-05-20,149,2026052005012335,HRL,35,16,50,645.00,"32,250.00"
2026-05-20,150,2026052005012334,HRL,35,26,127,645.00,"81,915.00"
2026-05-20,151,2026052005012284,HRL,58,58,60,644.20,"38,652.00"
2026-05-20,152,2026052005012519,IHL,86,49,10,428.90,"4,289.00"
2026-05-20,153,2026052005012121,IHL,42,59,360,425.00,"153,000.00"
2026-05-20,154,2026052005012120,IHL,45,59,140,425.40,"59,556.00"
2026-05-20,155,2026052005012499,ILI,42,57,12,439.00,"5,268.00"
2026-05-20,156,2026052005012200,MAKAR,56,8,275,510.00,"140,250.00"
2026-05-20,157,2026052005012199,MAKAR,91,8,195,511.00,"99,645.00"
2026-05-20,158,2026052005012525,MBJC,57,25,40,284.10,"11,364.00"
2026-05-20,159,2026052005012521,MBJC,57,19,20,284.10,"5,682.00"
2026-05-20,160,2026052005012142,MBJC,33,13,700,284.20,"198,940.00"
2026-05-20,161,2026052005012526,MCHL,19,47,10,321.30,"3,213.00"
2026-05-20,162,2026052005012495,MCHL,17,47,20,321.30,"6,426.00"
2026-05-20,163,2026052005012307,MCHL,77,26,220,318.70,"70,114.00"
2026-05-20,164,2026052005012306,MCHL,45,26,50,320.00,"16,000.00"
2026-05-20,165,2026052005012305,MCHL,17,26,30,320.00,"9,600.00"
2026-05-20,166,2026052005012108,MCHL,49,35,10,321.00,"3,210.00"
2026-05-20,167,2026052005012107,MCHL,49,35,32,321.00,"10,272.00"
2026-05-20,168,2026052005012538,MEHL,48,29,10,384.00,"3,840.00"
2026-05-20,169,2026052005012359,MEL,58,48,200,237.60,"47,520.00"
2026-05-20,170,2026052005012358,MEL,38,48,10,237.80,"2,378.00"
2026-05-20,171,2026052005012157,MEL,91,49,440,238.00,"104,720.00"
2026-05-20,172,2026052005012286,MEL,28,44,100,238.90,"23,890.00"
2026-05-20,173,2026052005012395,MHL,42,46,10,501.00,"5,010.00"
2026-05-20,174,2026052005012339,MKHC,46,8,95,320.00,"30,400.00"
2026-05-20,175,2026052005012128,MKHC,45,8,220,320.00,"70,400.00"
2026-05-20,176,2026052005012127,MKHC,34,8,300,320.10,"96,030.00"
2026-05-20,177,2026052005012126,MKHC,44,8,60,320.10,"19,206.00"
2026-05-20,178,2026052005012125,MKHC,44,8,25,320.20,"8,005.00"
2026-05-20,179,2026052005012124,MKHC,4,8,300,320.30,"96,090.00"
2026-05-20,180,2026052005012552,MKHL,84,45,10,540.00,"5,400.00"
2026-05-20,181,2026052005012540,MKHL,84,33,80,540.00,"43,200.00"
2026-05-20,182,2026052005012539,MKHL,84,33,80,540.00,"43,200.00"
2026-05-20,183,2026052005012497,MKHL,58,58,32,540.00,"17,280.00"
2026-05-20,184,2026052005012594,MKJC,82,11,10,499.00,"4,990.00"
2026-05-20,185,2026052005012593,MKJC,82,8,10,498.90,"4,989.00"
2026-05-20,186,2026052005012254,MKJC,42,52,150,498.00,"74,700.00"
2026-05-20,187,2026052005012118,MKJC,42,1,10,498.00,"4,980.00"
2026-05-20,188,2026052005012289,MMKJL,58,42,94,503.30,"47,310.20"
2026-05-20,189,2026052005012109,MMKJL,40,42,20,503.30,"10,066.00"
2026-05-20,190,2026052005012520,NBF3,54,33,"2,200",9.95,"21,890.00"
2026-05-20,191,2026052005012579,NIFRA,11,8,51,265.90,"13,560.90"
2026-05-20,192,2026052005012518,NIFRA,11,45,100,265.90,"26,590.00"
2026-05-20,193,2026052005012496,NIFRA,45,58,50,265.80,"13,290.00"
2026-05-20,194,2026052005012315,NIFRA,45,48,81,265.80,"21,529.80"
2026-05-20,195,2026052005012304,NIFRA,28,58,14,265.50,"3,717.00"
2026-05-20,196,2026052005012205,NIFRA,94,48,19,265.80,"5,050.20"
2026-05-20,197,2026052005012587,NRIC,22,40,10,908.80,"9,088.00"
2026-05-20,198,2026052005012324,NRIC,42,49,53,908.00,"48,124.00"
2026-05-20,199,2026052005012529,NRM,48,61,10,374.00,"3,740.00"
2026-05-20,200,2026052005012360,NRM,51,10,50,373.00,"18,650.00"
2026-05-20,201,2026052005012298,NRM,51,58,20,373.00,"7,460.00"
2026-05-20,202,2026052005012291,NRM,51,57,385,373.00,"143,605.00"
2026-05-20,203,2026052005012169,NRM,41,57,10,374.00,"3,740.00"
2026-05-20,204,2026052005012586,NRN,100,43,20,"1,370.00","27,400.00"
2026-05-20,205,2026052005012585,NRN,100,44,10,"1,370.00","13,700.00"
2026-05-20,206,2026052005012584,NRN,100,5,50,"1,370.00","68,500.00"
2026-05-20,207,2026052005012583,NRN,100,56,30,"1,370.00","41,100.00"
2026-05-20,208,2026052005012582,NRN,100,68,90,"1,370.00","123,300.00"
2026-05-20,209,2026052005012104,NRN,50,58,20,"1,363.30","27,266.00"
2026-05-20,210,2026052005012105,NRN,59,58,153,"1,363.30","208,584.90"
2026-05-20,211,2026052005012228,NRN,66,49,10,"1,365.00","13,650.00"
2026-05-20,212,2026052005012141,NRN,38,52,100,"1,363.20","136,320.00"
2026-05-20,213,2026052005012140,NRN,59,52,255,"1,363.30","347,641.50"
2026-05-20,214,2026052005012566,NRN,57,68,10,"1,370.00","13,700.00"
2026-05-20,215,2026052005012392,NRN,41,58,5,"1,365.00","6,825.00"
2026-05-20,216,2026052005012391,NRN,41,42,15,"1,365.00","20,475.00"
2026-05-20,217,2026052005012303,NRN,100,68,100,"1,370.00","137,000.00"
2026-05-20,218,2026052005012353,NSIF2,62,62,250,10.80,"2,700.00"
2026-05-20,219,2026052005012542,NYADI,58,42,10,391.00,"3,910.00"
2026-05-20,220,2026052005012498,NYADI,26,51,50,393.00,"19,650.00"
2026-05-20,221,2026052005012437,PHCL,45,58,10,309.70,"3,097.00"
2026-05-20,222,2026052005012285,PHCL,56,40,410,309.00,"126,690.00"
2026-05-20,223,2026052005012191,PHCL,45,58,10,309.70,"3,097.00"
2026-05-20,224,2026052005012158,PHCL,56,58,10,309.00,"3,090.00"
2026-05-20,225,2026052005012568,PPL,34,35,10,351.90,"3,519.00"
2026-05-20,226,2026052005012338,PPL,42,32,87,352.00,"30,624.00"
2026-05-20,227,2026052005012133,PPL,42,18,13,351.80,"4,573.40"
2026-05-20,228,2026052005012119,PPL,58,18,155,351.80,"54,529.00"
2026-05-20,229,2026052005012537,RAWA,10,43,10,589.00,"5,890.00"
2026-05-20,230,2026052005012536,RAWA,10,10,10,587.90,"5,879.00"
2026-05-20,231,2026052005012535,RAWA,10,81,10,587.00,"5,870.00"
2026-05-20,232,2026052005012534,RAWA,10,45,25,586.00,"14,650.00"
2026-05-20,233,2026052005012533,RAWA,10,49,70,586.00,"41,020.00"
2026-05-20,234,2026052005012603,RFPL,72,8,10,376.00,"3,760.00"
2026-05-20,235,2026052005012190,RFPL,10,32,"5,600",375.00,"2,100,000.00"
2026-05-20,236,2026052005012554,RNLI,49,58,12,465.20,"5,582.40"
2026-05-20,237,2026052005012255,RNLI,45,43,31,467.90,"14,504.90"
2026-05-20,238,2026052005012179,RNLI,58,43,100,467.90,"46,790.00"
2026-05-20,239,2026052005012172,RNLI,45,56,77,465.10,"35,812.70"
2026-05-20,240,2026052005012297,RNLI,49,38,12,465.20,"5,582.40"
2026-05-20,241,2026052005012438,RNLI,77,43,21,467.90,"9,825.90"
2026-05-20,242,2026052005012223,SAGF,62,32,100,10.40,"1,040.00"
2026-05-20,243,2026052005012598,SAHAS,58,72,300,664.00,"199,200.00"
2026-05-20,244,2026052005012597,SAHAS,58,65,200,663.90,"132,780.00"
2026-05-20,245,2026052005012300,SAHAS,58,65,100,663.90,"66,390.00"
2026-05-20,246,2026052005012299,SAHAS,58,72,130,664.00,"86,320.00"
2026-05-20,247,2026052005012271,SAHAS,60,72,35,664.00,"23,240.00"
2026-05-20,248,2026052005012270,SAHAS,60,19,165,663.00,"109,395.00"
2026-05-20,249,2026052005012162,SAHAS,48,38,149,664.00,"98,936.00"
2026-05-20,250,2026052005012161,SAHAS,48,33,500,664.00,"332,000.00"
2026-05-20,251,2026052005012160,SAHAS,48,10,124,664.00,"82,336.00"
2026-05-20,252,2026052005012123,SAHAS,37,65,200,663.90,"132,780.00"
2026-05-20,253,2026052005012122,SAHAS,37,19,165,663.00,"109,395.00"
2026-05-20,254,2026052005012231,SAHAS,37,19,135,663.90,"89,626.50"
2026-05-20,255,2026052005012167,SAHAS,48,35,100,664.00,"66,400.00"
2026-05-20,256,2026052005012166,SAHAS,48,38,13,664.00,"8,632.00"
2026-05-20,257,2026052005012165,SAHAS,48,32,50,664.00,"33,200.00"
2026-05-20,258,2026052005012164,SAHAS,48,19,40,664.00,"26,560.00"
2026-05-20,259,2026052005012163,SAHAS,48,32,20,664.00,"13,280.00"
2026-05-20,260,2026052005012601,SANVI,34,94,10,727.00,"7,270.00"
2026-05-20,261,2026052005012524,SANVI,38,56,10,728.50,"7,285.00"
2026-05-20,262,2026052005012507,SANVI,25,56,20,728.50,"14,570.00"
2026-05-20,263,2026052005012396,SANVI,49,32,10,726.00,"7,260.00"
2026-05-20,264,2026052005012394,SANVI,38,56,10,728.50,"7,285.00"
2026-05-20,265,2026052005012302,SANVI,49,39,10,726.00,"7,260.00"
2026-05-20,266,2026052005012237,SANVI,26,91,50,727.00,"36,350.00"
2026-05-20,267,2026052005012236,SANVI,26,58,52,727.00,"37,804.00"
2026-05-20,268,2026052005012235,SANVI,26,58,10,726.00,"7,260.00"
2026-05-20,269,2026052005012176,SANVI,36,34,10,726.00,"7,260.00"
2026-05-20,270,2026052005012243,SANVI,26,56,41,728.50,"29,868.50"
2026-05-20,271,2026052005012242,SANVI,26,58,50,728.00,"36,400.00"
2026-05-20,272,2026052005012241,SANVI,26,13,10,728.00,"7,280.00"
2026-05-20,273,2026052005012240,SANVI,26,39,100,728.00,"72,800.00"
2026-05-20,274,2026052005012239,SANVI,26,25,10,728.00,"7,280.00"
2026-05-20,275,2026052005012238,SANVI,26,58,77,727.00,"55,979.00"
2026-05-20,276,2026052005012581,SGHC,17,45,37,367.00,"13,579.00"
2026-05-20,277,2026052005012580,SGHC,17,45,103,367.20,"37,821.60"
2026-05-20,278,2026052005012301,SGHC,17,38,10,367.20,"3,672.00"
2026-05-20,279,2026052005012567,SHIVM,57,4,10,688.00,"6,880.00"
2026-05-20,280,2026052005012501,SHIVM,21,4,194,688.00,"133,472.00"
2026-05-20,281,2026052005012500,SHIVM,21,14,585,688.00,"402,480.00"
2026-05-20,282,2026052005012355,SHIVM,8,14,87,688.00,"59,856.00"
2026-05-20,283,2026052005012250,SHIVM,48,13,400,687.90,"275,160.00"
2026-05-20,284,2026052005012249,SHIVM,48,58,23,687.90,"15,821.70"
2026-05-20,285,2026052005012234,SHIVM,21,58,10,685.00,"6,850.00"
2026-05-20,286,2026052005012198,SHIVM,21,57,10,685.00,"6,850.00"
2026-05-20,287,2026052005012168,SHIVM,21,35,201,685.00,"137,685.00"
2026-05-20,288,2026052005012148,SHIVM,58,35,27,685.00,"18,495.00"
2026-05-20,289,2026052005012143,SHIVM,92,35,300,685.00,"205,500.00"
2026-05-20,290,2026052005012565,SIKLES,45,69,10,594.40,"5,944.00"
2026-05-20,291,2026052005012527,SMATA,52,95,10,765.00,"7,650.00"
2026-05-20,292,2026052005012290,SMATA,49,95,120,765.00,"91,800.00"
2026-05-20,293,2026052005012212,SMATA,47,95,100,765.00,"76,500.00"
2026-05-20,294,2026052005012211,SMATA,36,95,200,765.00,"153,000.00"
2026-05-20,295,2026052005012210,SMATA,45,95,69,765.00,"52,785.00"
2026-05-20,296,2026052005012209,SMATA,43,95,50,765.00,"38,250.00"
2026-05-20,297,2026052005012208,SMATA,46,95,10,765.00,"7,650.00"
2026-05-20,298,2026052005012207,SMATA,50,95,109,765.00,"83,385.00"
2026-05-20,299,2026052005012206,SMATA,41,95,100,766.00,"76,600.00"
2026-05-20,300,2026052005012314,SMH,34,83,10,597.50,"5,975.00"
2026-05-20,301,2026052005012147,SMH,59,3,50,591.00,"29,550.00"
2026-05-20,302,2026052005012513,SMHL,34,57,120,501.30,"60,156.00"
2026-05-20,303,2026052005012504,SMHL,34,8,340,501.30,"170,442.00"
2026-05-20,304,2026052005012503,SMHL,32,8,40,501.30,"20,052.00"
2026-05-20,305,2026052005012602,SMJC,58,54,10,488.80,"4,888.00"
2026-05-20,306,2026052005012596,SMJC,48,62,10,488.90,"4,889.00"
2026-05-20,307,2026052005012563,SMJC,82,29,850,487.10,"414,035.00"
2026-05-20,308,2026052005012562,SMJC,86,29,50,487.10,"24,355.00"
2026-05-20,309,2026052005012550,SMJC,43,62,10,488.90,"4,889.00"
2026-05-20,310,2026052005012514,SMJC,58,62,38,488.90,"18,578.20"
2026-05-20,311,2026052005012293,SMJC,44,99,50,487.20,"24,360.00"
2026-05-20,312,2026052005012146,SMJC,62,62,204,488.90,"99,735.60"
2026-05-20,313,2026052005012506,SMJC,58,62,10,488.90,"4,889.00"
2026-05-20,314,2026052005012502,SMJC,19,62,10,488.90,"4,889.00"
2026-05-20,315,2026052005012357,SMJC,86,45,100,487.10,"48,710.00"
2026-05-20,316,2026052005012296,SMJC,86,99,140,487.10,"68,194.00"
2026-05-20,317,2026052005012295,SMJC,65,99,10,487.20,"4,872.00"
2026-05-20,318,2026052005012294,SMJC,34,99,100,487.20,"48,720.00"
2026-05-20,319,2026052005012551,SONA,48,34,10,452.00,"4,520.00"
2026-05-20,320,2026052005012516,SONA,17,34,400,452.00,"180,800.00"
2026-05-20,321,2026052005012515,SONA,17,54,100,452.00,"45,200.00"
2026-05-20,322,2026052005012321,SONA,17,56,120,452.30,"54,276.00"
2026-05-20,323,2026052005012320,SONA,17,45,200,452.00,"90,400.00"
2026-05-20,324,2026052005012319,SONA,17,56,71,452.00,"32,092.00"
2026-05-20,325,2026052005012318,SONA,17,32,40,452.00,"18,080.00"
2026-05-20,326,2026052005012317,SONA,17,57,19,452.00,"8,588.00"
2026-05-20,327,2026052005012316,SONA,17,10,50,451.50,"22,575.00"
2026-05-20,328,2026052005012159,SONA,16,35,50,450.40,"22,520.00"
2026-05-20,329,2026052005012494,SPHL,42,58,10,517.00,"5,170.00"
2026-05-20,330,2026052005012591,SPL,1,11,10,706.00,"7,060.00"
2026-05-20,331,2026052005012590,SPL,1,29,100,705.00,"70,500.00"
2026-05-20,332,2026052005012589,SPL,1,29,240,700.00,"168,000.00"
2026-05-20,333,2026052005012178,SPL,4,29,10,700.00,"7,000.00"
2026-05-20,334,2026052005012175,SPL,45,29,20,700.00,"14,000.00"
2026-05-20,335,2026052005012174,SPL,101,29,50,700.00,"35,000.00"
2026-05-20,336,2026052005012173,SPL,1,29,80,700.00,"56,000.00"
2026-05-20,337,2026052005012522,STC,32,82,10,"5,960.00","59,600.00"
2026-05-20,338,2026052005012441,TAMOR,58,6,25,455.00,"11,375.00"
2026-05-20,339,2026052005012440,TAMOR,58,58,100,455.00,"45,500.00"
2026-05-20,340,2026052005012439,TAMOR,58,58,275,455.00,"125,125.00"
2026-05-20,341,2026052005012404,TAMOR,82,58,90,455.00,"40,950.00"
2026-05-20,342,2026052005012403,TAMOR,82,34,500,455.00,"227,500.00"
2026-05-20,343,2026052005012402,TAMOR,82,58,370,455.00,"168,350.00"
2026-05-20,344,2026052005012261,TAMOR,82,49,50,454.00,"22,700.00"
2026-05-20,345,2026052005012260,TAMOR,82,34,500,454.00,"227,000.00"
2026-05-20,346,2026052005012259,TAMOR,82,59,"1,000",453.90,"453,900.00"
2026-05-20,347,2026052005012258,TAMOR,82,59,190,453.80,"86,222.00"
2026-05-20,348,2026052005012170,TAMOR,85,81,"5,000",452.10,"2,260,500.00"
2026-05-20,349,2026052005012267,TAMOR,82,22,100,454.00,"45,400.00"
2026-05-20,350,2026052005012266,TAMOR,82,39,170,454.00,"77,180.00"
2026-05-20,351,2026052005012265,TAMOR,82,32,25,454.00,"11,350.00"
2026-05-20,352,2026052005012264,TAMOR,82,32,50,454.00,"22,700.00"
2026-05-20,353,2026052005012263,TAMOR,82,19,50,454.00,"22,700.00"
2026-05-20,354,2026052005012262,TAMOR,82,3,10,454.00,"4,540.00"
2026-05-20,355,2026052005012401,TAMOR,82,77,500,455.00,"227,500.00"
2026-05-20,356,2026052005012400,TAMOR,82,42,210,455.00,"95,550.00"
2026-05-20,357,2026052005012399,TAMOR,82,49,200,455.00,"91,000.00"
2026-05-20,358,2026052005012398,TAMOR,82,53,630,455.00,"286,650.00"
2026-05-20,359,2026052005012269,TAMOR,82,58,100,454.00,"45,400.00"
2026-05-20,360,2026052005012268,TAMOR,82,3,220,454.00,"99,880.00"
2026-05-20,361,2026052005012564,TPC,42,58,10,381.00,"3,810.00"
2026-05-20,362,2026052005012350,TPC,52,45,150,380.10,"57,015.00"
2026-05-20,363,2026052005012349,TPC,45,45,100,380.20,"38,020.00"
2026-05-20,364,2026052005012348,TPC,21,45,250,380.20,"95,050.00"
2026-05-20,365,2026052005012288,TPC,45,58,508,381.00,"193,548.00"
2026-05-20,366,2026052005012287,TPC,45,36,92,381.00,"35,052.00"
2026-05-20,367,2026052005012283,TPC,57,36,200,381.00,"76,200.00"
2026-05-20,368,2026052005012252,TPC,58,36,20,381.00,"7,620.00"
2026-05-20,369,2026052005012233,TPC,35,36,98,381.00,"37,338.00"
2026-05-20,370,2026052005012232,TPC,35,36,10,380.90,"3,809.00"
2026-05-20,371,2026052005012202,TPC,52,58,100,380.10,"38,010.00"
2026-05-20,372,2026052005012600,TSHL,48,42,20,549.00,"10,980.00"
2026-05-20,373,2026052005012544,TSHL,34,65,10,548.90,"5,489.00"
2026-05-20,374,2026052005012543,TSHL,34,28,10,548.00,"5,480.00"
2026-05-20,375,2026052005012390,TVCL,14,34,200,530.40,"106,080.00"
2026-05-20,376,2026052005012389,TVCL,14,34,650,530.40,"344,760.00"
2026-05-20,377,2026052005012388,TVCL,14,62,10,530.40,"5,304.00"
2026-05-20,378,2026052005012387,TVCL,14,45,200,529.80,"105,960.00"
2026-05-20,379,2026052005012386,TVCL,14,49,40,529.20,"21,168.00"
2026-05-20,380,2026052005012385,TVCL,14,99,900,529.00,"476,100.00"
2026-05-20,381,2026052005012366,TVCL,14,45,20,518.00,"10,360.00"
2026-05-20,382,2026052005012365,TVCL,14,52,50,515.00,"25,750.00"
2026-05-20,383,2026052005012364,TVCL,14,3,15,515.00,"7,725.00"
2026-05-20,384,2026052005012363,TVCL,14,42,20,514.90,"10,298.00"
2026-05-20,385,2026052005012372,TVCL,14,44,10,520.00,"5,200.00"
2026-05-20,386,2026052005012371,TVCL,14,40,20,520.00,"10,400.00"
2026-05-20,387,2026052005012370,TVCL,14,17,20,520.00,"10,400.00"
2026-05-20,388,2026052005012369,TVCL,14,34,10,519.00,"5,190.00"
2026-05-20,389,2026052005012368,TVCL,14,34,70,519.00,"36,330.00"
2026-05-20,390,2026052005012367,TVCL,14,58,10,518.00,"5,180.00"
2026-05-20,391,2026052005012378,TVCL,14,8,10,524.50,"5,245.00"
2026-05-20,392,2026052005012377,TVCL,14,46,290,523.00,"151,670.00"
2026-05-20,393,2026052005012376,TVCL,14,7,30,522.00,"15,660.00"
2026-05-20,394,2026052005012375,TVCL,14,52,20,522.00,"10,440.00"
2026-05-20,395,2026052005012374,TVCL,14,53,20,520.00,"10,400.00"
2026-05-20,396,2026052005012373,TVCL,14,32,100,520.00,"52,000.00"
2026-05-20,397,2026052005012384,TVCL,14,44,10,528.30,"5,283.00"
2026-05-20,398,2026052005012383,TVCL,14,65,100,528.00,"52,800.00"
2026-05-20,399,2026052005012382,TVCL,14,58,20,527.00,"10,540.00"
2026-05-20,400,2026052005012381,TVCL,14,16,220,526.50,"115,830.00"
2026-05-20,401,2026052005012380,TVCL,14,40,20,525.00,"10,500.00"
2026-05-20,402,2026052005012379,TVCL,14,101,500,525.00,"262,500.00"
2026-05-20,403,2026052005012230,UHEWA,58,81,200,585.00,"117,000.00"
2026-05-20,404,2026052005012111,UHEWA,65,81,111,585.00,"64,935.00"
2026-05-20,405,2026052005012110,UHEWA,65,45,59,585.00,"34,515.00"
2026-05-20,406,2026052005012493,ULHC,58,58,100,561.20,"56,120.00"
2026-05-20,407,2026052005012492,ULHC,58,53,10,502.60,"5,026.00"
2026-05-20,408,2026052005012491,ULHC,58,49,200,502.60,"100,520.00"
2026-05-20,409,2026052005012490,ULHC,58,81,40,502.60,"20,104.00"
2026-05-20,410,2026052005012489,ULHC,58,56,200,502.60,"100,520.00"
2026-05-20,411,2026052005012488,ULHC,58,35,900,502.60,"452,340.00"
2026-05-20,412,2026052005012347,ULHC,56,36,10,488.00,"4,880.00"
2026-05-20,413,2026052005012346,ULHC,56,58,230,488.00,"112,240.00"
2026-05-20,414,2026052005012309,ULHC,60,58,50,488.00,"24,400.00"
2026-05-20,415,2026052005012257,ULHC,38,58,220,488.00,"107,360.00"
2026-05-20,416,2026052005012155,ULHC,60,58,50,488.00,"24,400.00"
2026-05-20,417,2026052005012410,ULHC,47,58,410,485.00,"198,850.00"
2026-05-20,418,2026052005012409,ULHC,25,58,100,485.00,"48,500.00"
2026-05-20,419,2026052005012408,ULHC,35,58,100,486.00,"48,600.00"
2026-05-20,420,2026052005012407,ULHC,32,58,50,487.00,"24,350.00"
2026-05-20,421,2026052005012406,ULHC,81,58,20,487.10,"9,742.00"
2026-05-20,422,2026052005012405,ULHC,56,58,50,488.00,"24,400.00"
2026-05-20,423,2026052005012416,ULHC,1,58,90,480.00,"43,200.00"
2026-05-20,424,2026052005012415,ULHC,35,58,100,480.00,"48,000.00"
2026-05-20,425,2026052005012414,ULHC,49,58,100,481.00,"48,100.00"
2026-05-20,426,2026052005012413,ULHC,11,58,500,482.00,"241,000.00"
2026-05-20,427,2026052005012412,ULHC,44,58,"1,000",483.30,"483,300.00"
2026-05-20,428,2026052005012411,ULHC,16,58,"1,000",485.00,"485,000.00"
2026-05-20,429,2026052005012422,ULHC,16,58,"1,000",474.00,"474,000.00"
2026-05-20,430,2026052005012421,ULHC,89,58,"1,000",474.00,"474,000.00"
2026-05-20,431,2026052005012420,ULHC,26,58,500,474.10,"237,050.00"
2026-05-20,432,2026052005012419,ULHC,58,58,11,475.00,"5,225.00"
2026-05-20,433,2026052005012418,ULHC,45,58,50,477.00,"23,850.00"
2026-05-20,434,2026052005012417,ULHC,58,58,50,480.00,"24,000.00"
2026-05-20,435,2026052005012428,ULHC,46,58,15,473.40,"7,101.00"
2026-05-20,436,2026052005012427,ULHC,42,58,500,473.40,"236,700.00"
2026-05-20,437,2026052005012426,ULHC,65,58,29,473.40,"13,728.60"
2026-05-20,438,2026052005012425,ULHC,45,58,300,473.40,"142,020.00"
2026-05-20,439,2026052005012424,ULHC,50,58,40,473.40,"18,936.00"
2026-05-20,440,2026052005012423,ULHC,49,58,100,473.50,"47,350.00"
2026-05-20,441,2026052005012434,ULHC,17,58,200,472.70,"94,540.00"
2026-05-20,442,2026052005012433,ULHC,32,58,21,472.70,"9,926.70"
2026-05-20,443,2026052005012432,ULHC,56,58,200,473.00,"94,600.00"
2026-05-20,444,2026052005012431,ULHC,4,58,100,473.00,"47,300.00"
2026-05-20,445,2026052005012430,ULHC,71,58,200,473.20,"94,640.00"
2026-05-20,446,2026052005012429,ULHC,42,58,500,473.40,"236,700.00"
2026-05-20,447,2026052005012445,ULHC,58,58,10,490.00,"4,900.00"
2026-05-20,448,2026052005012444,ULHC,58,42,10,490.00,"4,900.00"
2026-05-20,449,2026052005012443,ULHC,58,58,10,490.00,"4,900.00"
2026-05-20,450,2026052005012442,ULHC,58,11,10,490.00,"4,900.00"
2026-05-20,451,2026052005012436,ULHC,47,58,"1,000",470.50,"470,500.00"
2026-05-20,452,2026052005012435,ULHC,26,58,10,472.50,"4,725.00"
2026-05-20,453,2026052005012451,ULHC,58,44,400,498.00,"199,200.00"
2026-05-20,454,2026052005012450,ULHC,58,26,10,497.00,"4,970.00"
2026-05-20,455,2026052005012449,ULHC,58,44,200,497.00,"99,400.00"
2026-05-20,456,2026052005012448,ULHC,58,58,10,496.00,"4,960.00"
2026-05-20,457,2026052005012447,ULHC,58,6,10,495.00,"4,950.00"
2026-05-20,458,2026052005012446,ULHC,58,45,10,490.00,"4,900.00"
2026-05-20,459,2026052005012457,ULHC,58,50,422,500.00,"211,000.00"
2026-05-20,460,2026052005012456,ULHC,58,54,10,500.00,"5,000.00"
2026-05-20,461,2026052005012455,ULHC,58,36,100,499.90,"49,990.00"
2026-05-20,462,2026052005012454,ULHC,58,32,"1,630",499.50,"814,185.00"
2026-05-20,463,2026052005012453,ULHC,58,33,500,499.00,"249,500.00"
2026-05-20,464,2026052005012452,ULHC,58,42,10,498.00,"4,980.00"
2026-05-20,465,2026052005012463,ULHC,58,45,10,501.00,"5,010.00"
2026-05-20,466,2026052005012462,ULHC,58,17,50,500.00,"25,000.00"
2026-05-20,467,2026052005012461,ULHC,58,35,400,500.00,"200,000.00"
2026-05-20,468,2026052005012460,ULHC,58,45,10,500.00,"5,000.00"
2026-05-20,469,2026052005012459,ULHC,58,6,100,500.00,"50,000.00"
2026-05-20,470,2026052005012458,ULHC,58,36,10,500.00,"5,000.00"
2026-05-20,471,2026052005012469,ULHC,58,14,60,501.90,"30,114.00"
2026-05-20,472,2026052005012468,ULHC,58,22,10,501.90,"5,019.00"
2026-05-20,473,2026052005012467,ULHC,58,32,520,501.90,"260,988.00"
2026-05-20,474,2026052005012466,ULHC,58,62,10,501.90,"5,019.00"
2026-05-20,475,2026052005012465,ULHC,58,51,10,501.50,"5,015.00"
2026-05-20,476,2026052005012464,ULHC,58,42,500,501.00,"250,500.00"
2026-05-20,477,2026052005012475,ULHC,58,71,200,502.00,"100,400.00"
2026-05-20,478,2026052005012474,ULHC,58,49,10,502.00,"5,020.00"
2026-05-20,479,2026052005012473,ULHC,58,45,10,502.00,"5,020.00"
2026-05-20,480,2026052005012472,ULHC,58,45,10,502.00,"5,020.00"
2026-05-20,481,2026052005012471,ULHC,58,91,"1,000",502.00,"502,000.00"
2026-05-20,482,2026052005012470,ULHC,58,49,10,502.00,"5,020.00"
2026-05-20,483,2026052005012481,ULHC,58,14,100,502.40,"50,240.00"
2026-05-20,484,2026052005012480,ULHC,58,48,203,502.20,"101,946.60"
2026-05-20,485,2026052005012479,ULHC,58,57,10,502.10,"5,021.00"
2026-05-20,486,2026052005012478,ULHC,58,99,500,502.00,"251,000.00"
2026-05-20,487,2026052005012477,ULHC,58,74,100,502.00,"50,200.00"
2026-05-20,488,2026052005012476,ULHC,58,48,200,502.00,"100,400.00"
2026-05-20,489,2026052005012487,ULHC,58,44,"1,020",502.60,"512,652.00"
2026-05-20,490,2026052005012486,ULHC,58,42,"2,000",502.60,"1,005,200.00"
2026-05-20,491,2026052005012485,ULHC,58,45,10,502.60,"5,026.00"
2026-05-20,492,2026052005012484,ULHC,58,32,50,502.60,"25,130.00"
2026-05-20,493,2026052005012483,ULHC,58,46,20,502.60,"10,052.00"
2026-05-20,494,2026052005012482,ULHC,58,28,25,502.60,"12,565.00"
2026-05-20,495,2026052005012273,USHEC,34,58,300,505.10,"151,530.00"
2026-05-20,496,2026052005012227,USHL,62,42,10,630.00,"6,300.00"
2026-05-20,497,2026052005012517,VLUCL,62,34,30,502.50,"15,075.00"
2026-05-20,498,2026052005012337,VLUCL,42,35,200,502.00,"100,400.00"
2026-05-20,499,2026052005012332,VLUCL,42,45,10,502.00,"5,020.00"
2026-05-20,500,2026052005012144,VLUCL,42,29,290,502.00,"145,580.00"
2026-05-20,501,2026052005011985,AHL,40,74,120,504.00,"60,480.00"
2026-05-20,502,2026052005011920,AHL,40,35,30,504.00,"15,120.00"
2026-05-20,503,2026052005011919,AHL,34,35,50,504.00,"25,200.00"
2026-05-20,504,2026052005011817,BEDC,34,35,200,374.80,"74,960.00"
2026-05-20,505,2026052005011816,BEDC,34,35,200,374.80,"74,960.00"
2026-05-20,506,2026052005011821,BEDC,34,48,200,374.80,"74,960.00"
2026-05-20,507,2026052005011918,BGWT,40,51,1,650.00,650.00
2026-05-20,508,2026052005011853,BGWT,40,49,1,648.00,648.00
2026-05-20,509,2026052005011762,BGWT,40,59,1,645.00,645.00
2026-05-20,510,2026052005011689,BGWT,40,4,10,662.90,"6,629.00"
2026-05-20,511,2026052005011983,BHDC,39,34,102,466.00,"47,532.00"
2026-05-20,512,2026052005011982,BHDC,39,26,105,466.00,"48,930.00"
2026-05-20,513,2026052005011981,BHDC,39,35,93,465.90,"43,328.70"
2026-05-20,514,2026052005011928,BHDC,39,35,47,465.90,"21,897.30"
2026-05-20,515,2026052005011927,BHDC,39,86,102,465.10,"47,440.20"
2026-05-20,516,2026052005011926,BHDC,39,17,50,465.00,"23,250.00"
2026-05-20,517,2026052005011925,BHDC,39,45,11,465.00,"5,115.00"
2026-05-20,518,2026052005011924,BHDC,39,74,90,465.00,"41,850.00"
2026-05-20,519,2026052005011922,BHDC,60,45,11,464.00,"5,104.00"
2026-05-20,520,2026052005011860,BHDC,39,100,259,463.70,"120,098.30"
2026-05-20,521,2026052005011859,BHDC,43,100,101,463.80,"46,843.80"
2026-05-20,522,2026052005012093,BHL,56,49,"1,176",226.50,"266,364.00"
2026-05-20,523,2026052005012092,BHL,56,49,"1,671",226.50,"378,481.50"
2026-05-20,524,2026052005011898,BHL,28,49,329,226.50,"74,518.50"
2026-05-20,525,2026052005011882,BHL,28,72,13,226.50,"2,944.50"
2026-05-20,526,2026052005011862,BHL,28,6,300,226.50,"67,950.00"
2026-05-20,527,2026052005011744,BHL,17,71,300,227.00,"68,100.00"
2026-05-20,528,2026052005011626,BHL,49,6,"1,300",226.60,"294,580.00"
2026-05-20,529,2026052005011625,BHL,49,53,200,226.50,"45,300.00"
2026-05-20,530,2026052005011618,BHL,58,58,20,226.40,"4,528.00"
2026-05-20,531,2026052005011617,BHL,58,58,131,226.40,"29,658.40"
2026-05-20,532,2026052005011687,BHL,56,71,886,227.00,"201,122.00"
2026-05-20,533,2026052005011686,BHL,56,49,291,227.00,"66,057.00"
2026-05-20,534,2026052005011685,BHL,56,57,"1,000",226.90,"226,900.00"
2026-05-20,535,2026052005011684,BHL,56,42,10,226.80,"2,268.00"
2026-05-20,536,2026052005011683,BHL,56,6,100,226.60,"22,660.00"
2026-05-20,537,2026052005011667,BHL,58,6,50,226.60,"11,330.00"
2026-05-20,538,2026052005012079,BHPL,6,49,36,525.00,"18,900.00"
2026-05-20,539,2026052005011831,BHPL,6,48,62,525.00,"32,550.00"
2026-05-20,540,2026052005011864,BNHC,41,45,10,330.00,"3,300.00"
2026-05-20,541,2026052005011867,CHDC,32,6,100,"2,281.10","228,110.00"
2026-05-20,542,2026052005011837,CHDC,58,32,25,"2,286.00","57,150.00"
2026-05-20,543,2026052005011836,CHDC,58,32,15,"2,286.00","34,290.00"
2026-05-20,544,2026052005011707,CHDC,32,49,17,"2,287.00","38,879.00"
2026-05-20,545,2026052005011697,CHDC,45,49,20,"2,287.00","45,740.00"
2026-05-20,546,2026052005011621,CHDC,58,17,10,"2,286.00","22,860.00"
2026-05-20,547,2026052005011620,CHDC,4,17,20,"2,286.00","45,720.00"
2026-05-20,548,2026052005011782,CKHL,42,54,10,654.10,"6,541.00"
2026-05-20,549,2026052005011986,CLI,42,35,14,454.50,"6,363.00"
2026-05-20,550,2026052005011948,CLI,35,45,13,454.30,"5,905.90"
2026-05-20,551,2026052005012083,DOLTI,16,67,100,347.00,"34,700.00"
2026-05-20,552,2026052005012082,DOLTI,25,67,257,347.00,"89,179.00"
2026-05-20,553,2026052005012067,DOLTI,49,85,10,347.90,"3,479.00"
2026-05-20,554,2026052005012059,DOLTI,25,45,18,347.00,"6,246.00"
2026-05-20,555,2026052005011976,DOLTI,25,38,25,347.00,"8,675.00"
2026-05-20,556,2026052005011975,DOLTI,25,38,50,347.00,"17,350.00"
2026-05-20,557,2026052005011851,DOLTI,62,22,10,347.80,"3,478.00"
2026-05-20,558,2026052005011682,DOLTI,62,85,55,347.90,"19,134.50"
2026-05-20,559,2026052005011681,DOLTI,62,46,25,347.90,"8,697.50"
2026-05-20,560,2026052005011974,DOLTI,4,38,100,347.00,"34,700.00"
2026-05-20,561,2026052005011973,DOLTI,38,38,400,347.00,"138,800.00"
2026-05-20,562,2026052005011972,DOLTI,53,38,300,347.00,"104,100.00"
2026-05-20,563,2026052005011971,DOLTI,22,38,75,347.00,"26,025.00"
2026-05-20,564,2026052005011970,DOLTI,58,38,50,347.10,"17,355.00"
2026-05-20,565,2026052005011917,DOLTI,58,85,287,347.90,"99,847.30"
2026-05-20,566,2026052005011739,DORDI,21,35,45,275.40,"12,393.00"
2026-05-20,567,2026052005011930,DORDI,16,58,20,276.00,"5,520.00"
2026-05-20,568,2026052005011916,DORDI,48,38,30,278.90,"8,367.00"
2026-05-20,569,2026052005011915,DORDI,48,45,20,277.00,"5,540.00"
2026-05-20,570,2026052005011899,DORDI,16,35,290,275.40,"79,866.00"
2026-05-20,571,2026052005011820,ENL,60,48,10,890.00,"8,900.00"
2026-05-20,572,2026052005011819,ENL,60,1,50,889.00,"44,450.00"
2026-05-20,573,2026052005011818,ENL,60,42,10,888.00,"8,880.00"
2026-05-20,574,2026052005012000,GCIL,25,43,22,422.90,"9,303.80"
2026-05-20,575,2026052005011999,GCIL,25,67,200,422.70,"84,540.00"
2026-05-20,576,2026052005011998,GCIL,25,49,144,422.40,"60,825.60"
2026-05-20,577,2026052005011929,GCIL,25,22,500,421.90,"210,950.00"
2026-05-20,578,2026052005011868,GCIL,16,29,25,420.40,"10,510.00"
2026-05-20,579,2026052005011997,GCIL,25,3,12,422.00,"5,064.00"
2026-05-20,580,2026052005011996,GCIL,25,1,10,422.00,"4,220.00"
2026-05-20,581,2026052005011995,GCIL,25,58,12,422.00,"5,064.00"
2026-05-20,582,2026052005011994,GCIL,25,50,100,422.00,"42,200.00"
2026-05-20,583,2026052005011810,GIBF1,46,44,100,10.77,"1,077.00"
2026-05-20,584,2026052005011723,GIBF1,46,44,100,10.77,"1,077.00"
2026-05-20,585,2026052005012065,GVL,16,62,10,492.30,"4,923.00"
2026-05-20,586,2026052005011691,GVL,13,39,65,492.30,"31,999.50"
2026-05-20,587,2026052005011654,GVL,6,39,195,492.40,"96,018.00"
2026-05-20,588,2026052005011703,HATHY,45,41,137,803.00,"110,011.00"
2026-05-20,589,2026052005011678,HATHY,45,1,13,803.00,"10,439.00"
2026-05-20,590,2026052005011673,HATHY,45,25,100,803.00,"80,300.00"
2026-05-20,591,2026052005011639,HATHY,45,80,50,802.70,"40,135.00"
2026-05-20,592,2026052005012100,HDL,56,45,16,"1,162.00","18,592.00"
2026-05-20,593,2026052005011646,HDL,6,10,180,"1,160.00","208,800.00"
2026-05-20,594,2026052005011645,HDL,1,10,139,"1,160.00","161,240.00"
2026-05-20,595,2026052005011644,HDL,62,10,18,"1,160.00","20,880.00"
2026-05-20,596,2026052005011643,HDL,57,10,101,"1,160.10","117,170.10"
2026-05-20,597,2026052005011642,HDL,25,10,28,"1,160.20","32,485.60"
2026-05-20,598,2026052005011641,HDL,8,10,67,"1,161.00","77,787.00"
2026-05-20,599,2026052005011728,HDL,45,52,116,"1,161.00","134,676.00"
2026-05-20,600,2026052005011701,HDL,45,52,50,"1,161.00","58,050.00"
2026-05-20,601,2026052005011692,HDL,13,52,50,"1,161.00","58,050.00"
2026-05-20,602,2026052005011647,HDL,58,10,17,"1,160.00","19,720.00"
2026-05-20,603,2026052005011846,HDL,26,74,10,"1,162.00","11,620.00"
2026-05-20,604,2026052005011845,HDL,26,48,10,"1,162.00","11,620.00"
2026-05-20,605,2026052005011844,HDL,26,42,30,"1,162.00","34,860.00"
2026-05-20,606,2026052005011843,HDL,26,41,70,"1,161.90","81,333.00"
2026-05-20,607,2026052005011842,HDL,26,42,60,"1,161.40","69,684.00"
2026-05-20,608,2026052005011854,HDL,45,56,10,"1,161.00","11,610.00"
2026-05-20,609,2026052005011849,HDL,26,69,25,"1,163.00","29,075.00"
2026-05-20,610,2026052005011848,HDL,26,58,20,"1,162.00","23,240.00"
2026-05-20,611,2026052005011847,HDL,26,25,25,"1,162.00","29,050.00"
2026-05-20,612,2026052005011980,HDL,56,45,100,"1,162.00","116,200.00"
2026-05-20,613,2026052005011953,HHL,59,26,276,373.00,"102,948.00"
2026-05-20,614,2026052005011774,HHL,59,34,100,373.00,"37,300.00"
2026-05-20,615,2026052005011773,HHL,59,11,200,373.00,"74,600.00"
2026-05-20,616,2026052005011772,HHL,59,13,10,373.00,"3,730.00"
2026-05-20,617,2026052005011771,HHL,59,38,400,373.00,"149,200.00"
2026-05-20,618,2026052005011770,HHL,59,45,10,373.00,"3,730.00"
2026-05-20,619,2026052005011769,HHL,59,4,304,373.00,"113,392.00"
2026-05-20,620,2026052005011808,HIDCL,56,11,30,272.00,"8,160.00"
2026-05-20,621,2026052005011804,HIDCL,64,56,260,271.90,"70,694.00"
2026-05-20,622,2026052005011803,HIDCL,28,56,300,271.90,"81,570.00"
2026-05-20,623,2026052005011743,HIDCL,42,42,19,272.60,"5,179.40"
2026-05-20,624,2026052005011742,HIDCL,42,54,20,272.10,"5,442.00"
2026-05-20,625,2026052005011741,HIDCL,42,13,19,272.00,"5,168.00"
2026-05-20,626,2026052005011693,HIDCL,56,13,20,272.00,"5,440.00"
2026-05-20,627,2026052005011662,HIDCL,25,13,11,272.00,"2,992.00"
2026-05-20,628,2026052005012058,HRL,58,58,222,646.90,"143,611.80"
2026-05-20,629,2026052005012057,HRL,58,58,50,646.00,"32,300.00"
2026-05-20,630,2026052005012056,HRL,58,59,50,646.00,"32,300.00"
2026-05-20,631,2026052005012055,HRL,58,87,20,646.00,"12,920.00"
2026-05-20,632,2026052005012054,HRL,58,59,30,645.00,"19,350.00"
2026-05-20,633,2026052005012053,HRL,58,49,200,645.00,"129,000.00"
2026-05-20,634,2026052005011665,HRL,42,57,18,644.50,"11,601.00"
2026-05-20,635,2026052005011664,HRL,42,14,21,644.50,"13,534.50"
2026-05-20,636,2026052005011795,HRL,58,62,40,644.40,"25,776.00"
2026-05-20,637,2026052005011783,HRL,5,51,50,644.30,"32,215.00"
2026-05-20,638,2026052005011712,HRL,67,37,54,644.90,"34,824.60"
2026-05-20,639,2026052005011711,HRL,67,57,100,644.90,"64,490.00"
2026-05-20,640,2026052005011710,HRL,67,57,457,644.50,"294,536.50"
2026-05-20,641,2026052005011709,HRL,67,51,48,644.40,"30,931.20"
2026-05-20,642,2026052005011801,HRL,58,58,353,645.00,"227,685.00"
2026-05-20,643,2026052005011800,HRL,58,87,155,644.90,"99,959.50"
2026-05-20,644,2026052005011799,HRL,58,58,10,644.90,"6,449.00"
2026-05-20,645,2026052005011798,HRL,58,14,200,644.90,"128,980.00"
2026-05-20,646,2026052005011797,HRL,58,37,46,644.90,"29,665.40"
2026-05-20,647,2026052005011796,HRL,58,33,40,644.80,"25,792.00"
2026-05-20,648,2026052005011913,HRL,52,46,150,645.00,"96,750.00"
2026-05-20,649,2026052005011912,HRL,52,57,34,645.00,"21,930.00"
2026-05-20,650,2026052005011894,HRL,58,40,15,644.20,"9,663.00"
2026-05-20,651,2026052005011861,HRL,49,57,10,645.00,"6,450.00"
2026-05-20,652,2026052005011855,HRL,58,25,100,644.20,"64,420.00"
2026-05-20,653,2026052005011802,HRL,58,57,156,645.00,"100,620.00"
2026-05-20,654,2026052005012040,HRL,58,94,100,645.00,"64,500.00"
2026-05-20,655,2026052005012039,HRL,58,58,10,645.00,"6,450.00"
2026-05-20,656,2026052005012038,HRL,58,54,14,645.00,"9,030.00"
2026-05-20,657,2026052005011914,HRL,52,54,16,645.00,"10,320.00"
2026-05-20,658,2026052005012046,HRL,58,39,200,645.00,"129,000.00"
2026-05-20,659,2026052005012045,HRL,58,8,25,645.00,"16,125.00"
2026-05-20,660,2026052005012044,HRL,58,45,27,645.00,"17,415.00"
2026-05-20,661,2026052005012043,HRL,58,54,10,645.00,"6,450.00"
2026-05-20,662,2026052005012042,HRL,58,22,30,645.00,"19,350.00"
2026-05-20,663,2026052005012041,HRL,58,41,32,645.00,"20,640.00"
2026-05-20,664,2026052005012052,HRL,58,57,100,645.00,"64,500.00"
2026-05-20,665,2026052005012051,HRL,58,1,50,645.00,"32,250.00"
2026-05-20,666,2026052005012050,HRL,58,49,145,645.00,"93,525.00"
2026-05-20,667,2026052005012049,HRL,58,94,25,645.00,"16,125.00"
2026-05-20,668,2026052005012048,HRL,58,62,50,645.00,"32,250.00"
2026-05-20,669,2026052005012047,HRL,58,45,110,645.00,"70,950.00"
2026-05-20,670,2026052005011923,IHL,32,49,11,428.90,"4,717.90"
2026-05-20,671,2026052005011828,IHL,32,36,100,428.80,"42,880.00"
2026-05-20,672,2026052005011827,IHL,32,39,19,428.80,"8,147.20"
2026-05-20,673,2026052005011826,IHL,32,35,30,428.80,"12,864.00"
2026-05-20,674,2026052005011825,IHL,32,51,60,428.70,"25,722.00"
2026-05-20,675,2026052005011824,IHL,32,74,250,428.70,"107,175.00"
2026-05-20,676,2026052005011957,ILI,42,38,12,439.00,"5,268.00"
2026-05-20,677,2026052005011941,ILI,42,14,12,439.00,"5,268.00"
2026-05-20,678,2026052005011940,ILI,42,57,12,439.00,"5,268.00"
2026-05-20,679,2026052005011939,ILI,42,32,12,439.00,"5,268.00"
2026-05-20,680,2026052005011938,ILI,42,57,11,439.00,"4,829.00"
2026-05-20,681,2026052005011937,ILI,42,58,12,439.00,"5,268.00"
2026-05-20,682,2026052005011936,ILI,42,57,10,439.00,"4,390.00"
2026-05-20,683,2026052005011935,ILI,42,11,12,439.00,"5,268.00"
2026-05-20,684,2026052005011934,ILI,42,58,44,439.00,"19,316.00"
2026-05-20,685,2026052005011933,ILI,42,56,32,438.00,"14,016.00"
2026-05-20,686,2026052005011921,ILI,58,56,68,438.00,"29,784.00"
2026-05-20,687,2026052005012080,MAKAR,42,4,10,512.00,"5,120.00"
2026-05-20,688,2026052005011931,MAKAR,42,4,50,512.00,"25,600.00"
2026-05-20,689,2026052005011881,MAKAR,91,8,"1,805",511.00,"922,355.00"
2026-05-20,690,2026052005011880,MAKAR,45,8,50,511.00,"25,550.00"
2026-05-20,691,2026052005011708,MAKAR,42,4,30,513.00,"15,390.00"
2026-05-20,692,2026052005011628,MANDU,32,16,10,813.10,"8,131.00"
2026-05-20,693,2026052005012077,MBJC,33,13,"1,500",284.20,"426,300.00"
2026-05-20,694,2026052005012037,MBJC,44,13,200,284.20,"56,840.00"
2026-05-20,695,2026052005012024,MBJC,57,43,10,284.10,"2,841.00"
2026-05-20,696,2026052005011965,MBJC,57,22,340,284.10,"96,594.00"
2026-05-20,697,2026052005011822,MBJC,57,42,10,284.10,"2,841.00"
2026-05-20,698,2026052005011964,MCHL,8,35,48,321.00,"15,408.00"
2026-05-20,699,2026052005011963,MCHL,8,95,32,321.00,"10,272.00"
2026-05-20,700,2026052005011962,MCHL,8,57,70,320.00,"22,400.00"
2026-05-20,701,2026052005011869,MCHL,17,57,30,320.00,"9,600.00"
2026-05-20,702,2026052005011852,MCHL,3,95,30,321.00,"9,630.00"
2026-05-20,703,2026052005011740,MCHL,11,95,80,321.00,"25,680.00"
2026-05-20,704,2026052005011702,MCHL,39,95,500,321.00,"160,500.00"
2026-05-20,705,2026052005011674,MCHL,3,47,140,321.30,"44,982.00"
2026-05-20,706,2026052005011979,MEL,91,17,430,237.70,"102,211.00"
2026-05-20,707,2026052005011978,MEL,21,17,10,238.00,"2,380.00"
2026-05-20,708,2026052005012026,MHCL,32,62,30,354.00,"10,620.00"
2026-05-20,709,2026052005011653,MHCL,48,62,10,354.00,"3,540.00"
2026-05-20,710,2026052005011652,MHCL,48,26,10,354.00,"3,540.00"
2026-05-20,711,2026052005011651,MHCL,48,28,10,354.00,"3,540.00"
2026-05-20,712,2026052005011650,MHCL,48,3,10,353.40,"3,534.00"
2026-05-20,713,2026052005011608,MHCL,58,36,21,353.00,"7,413.00"
2026-05-20,714,2026052005011793,MHL,1,58,10,500.00,"5,000.00"
2026-05-20,715,2026052005011607,MHL,1,52,"1,683",493.60,"830,728.80"
2026-05-20,716,2026052005011763,MKHC,34,8,100,321.00,"32,100.00"
2026-05-20,717,2026052005012076,MKHL,74,58,18,540.00,"9,720.00"
2026-05-20,718,2026052005012075,MKHL,74,35,15,540.00,"8,100.00"
2026-05-20,719,2026052005012074,MKHL,74,6,15,540.00,"8,100.00"
2026-05-20,720,2026052005012073,MKHL,74,44,40,540.00,"21,600.00"
2026-05-20,721,2026052005012072,MKHL,74,58,20,540.00,"10,800.00"
2026-05-20,722,2026052005012071,MKHL,74,58,332,540.00,"179,280.00"
2026-05-20,723,2026052005012070,MKHL,74,6,50,539.50,"26,975.00"
2026-05-20,724,2026052005011811,MKHL,52,58,10,533.00,"5,330.00"
2026-05-20,725,2026052005012064,MKJC,42,34,10,497.90,"4,979.00"
2026-05-20,726,2026052005012063,MKJC,42,57,50,497.50,"24,875.00"
2026-05-20,727,2026052005012062,MKJC,42,39,17,496.00,"8,432.00"
2026-05-20,728,2026052005012061,MKJC,42,45,10,495.00,"4,950.00"
2026-05-20,729,2026052005011663,MKJC,58,16,10,493.90,"4,939.00"
2026-05-20,730,2026052005012084,MMKJL,11,42,10,503.30,"5,033.00"
2026-05-20,731,2026052005011992,MMKJL,17,42,460,503.30,"231,518.00"
2026-05-20,732,2026052005011991,MMKJL,17,45,10,503.20,"5,032.00"
2026-05-20,733,2026052005011990,MMKJL,17,34,10,503.20,"5,032.00"
2026-05-20,734,2026052005011989,MMKJL,17,43,10,502.00,"5,020.00"
2026-05-20,735,2026052005011988,MMKJL,17,57,10,501.00,"5,010.00"
2026-05-20,736,2026052005011779,NBF3,54,41,500,9.95,"4,975.00"
2026-05-20,737,2026052005011694,NICFC,62,49,100,9.35,935.00
2026-05-20,738,2026052005011627,NICFC,62,89,100,9.35,935.00
2026-05-20,739,2026052005011947,NIFRA,38,91,76,266.00,"20,216.00"
2026-05-20,740,2026052005011946,NIFRA,38,62,300,265.90,"79,770.00"
2026-05-20,741,2026052005011945,NIFRA,38,11,368,265.90,"97,851.20"
2026-05-20,742,2026052005011944,NIFRA,38,16,30,265.80,"7,974.00"
2026-05-20,743,2026052005011893,NIFRA,94,58,5,265.00,"1,325.00"
2026-05-20,744,2026052005011850,NIFRA,94,62,3,265.00,795.00
2026-05-20,745,2026052005011622,NIFRA,77,43,30,265.80,"7,974.00"
2026-05-20,746,2026052005011784,NIFRA,94,29,4,265.00,"1,060.00"
2026-05-20,747,2026052005011778,NIFRA,94,43,4,265.00,"1,060.00"
2026-05-20,748,2026052005011759,NIFRA,38,89,54,265.70,"14,347.80"
2026-05-20,749,2026052005011698,NIFRA,38,16,64,265.70,"17,004.80"
2026-05-20,750,2026052005011624,NIFRA,46,16,50,265.80,"13,290.00"
2026-05-20,751,2026052005011623,NIFRA,77,16,20,265.80,"5,316.00"
2026-05-20,752,2026052005011897,NMB50,13,44,200,10.54,"2,108.00"
2026-05-20,753,2026052005011942,NRIC,58,40,50,908.80,"45,440.00"
2026-05-20,754,2026052005011856,NRIC,42,101,10,908.00,"9,080.00"
2026-05-20,755,2026052005011832,NRIC,35,101,40,908.90,"36,356.00"
2026-05-20,756,2026052005011727,NRIC,38,48,53,908.00,"48,124.00"
2026-05-20,757,2026052005011726,NRIC,38,34,100,907.00,"90,700.00"
2026-05-20,758,2026052005011725,NRIC,38,57,42,906.90,"38,089.80"
2026-05-20,759,2026052005012099,NRM,65,57,10,374.00,"3,740.00"
2026-05-20,760,2026052005012098,NRM,42,57,10,374.00,"3,740.00"
2026-05-20,761,2026052005011884,NRM,42,45,90,374.00,"33,660.00"
2026-05-20,762,2026052005011883,NRM,48,45,10,374.50,"3,745.00"
2026-05-20,763,2026052005011761,NRM,45,58,10,375.00,"3,750.00"
2026-05-20,764,2026052005011760,NRM,45,56,59,375.00,"22,125.00"
2026-05-20,765,2026052005012103,NRN,58,58,57,"1,364.00","77,748.00"
2026-05-20,766,2026052005012019,NRN,34,52,40,"1,367.00","54,680.00"
2026-05-20,767,2026052005011619,NRN,42,95,70,"1,368.00","95,760.00"
2026-05-20,768,2026052005011776,NRN,13,95,30,"1,367.00","41,010.00"
2026-05-20,769,2026052005011688,NRN,29,95,100,"1,367.00","136,700.00"
2026-05-20,770,2026052005011777,NRN,13,29,30,"1,367.00","41,010.00"
2026-05-20,771,2026052005011993,NRN,72,58,20,"1,368.90","27,378.00"
2026-05-20,772,2026052005011838,NTC,34,45,33,888.00,"29,304.00"
2026-05-20,773,2026052005011830,NTC,58,45,10,888.00,"8,880.00"
2026-05-20,774,2026052005011829,NTC,41,45,33,888.00,"29,304.00"
2026-05-20,775,2026052005011911,NYADI,58,51,135,393.00,"53,055.00"
2026-05-20,776,2026052005011910,NYADI,58,3,115,393.00,"45,195.00"
2026-05-20,777,2026052005011909,NYADI,58,7,10,393.00,"3,930.00"
2026-05-20,778,2026052005011908,NYADI,58,13,200,393.00,"78,600.00"
2026-05-20,779,2026052005012095,PHCL,56,34,50,309.00,"15,450.00"
2026-05-20,780,2026052005012036,PHCL,56,48,300,309.00,"92,700.00"
2026-05-20,781,2026052005012020,PHCL,26,44,100,309.10,"30,910.00"
2026-05-20,782,2026052005011896,PHCL,56,40,90,309.00,"27,810.00"
2026-05-20,783,2026052005011835,PHCL,50,14,23,308.00,"7,084.00"
2026-05-20,784,2026052005011834,PHCL,86,14,82,308.00,"25,256.00"
2026-05-20,785,2026052005011833,PHCL,65,14,45,308.00,"13,860.00"
2026-05-20,786,2026052005011780,PHCL,45,18,90,309.00,"27,810.00"
2026-05-20,787,2026052005011717,PHCL,45,58,10,309.00,"3,090.00"
2026-05-20,788,2026052005011716,PHCL,45,36,10,309.00,"3,090.00"
2026-05-20,789,2026052005011715,PHCL,45,45,290,309.00,"89,610.00"
2026-05-20,790,2026052005011714,PHCL,45,58,100,308.90,"30,890.00"
2026-05-20,791,2026052005012102,PPL,58,32,13,352.00,"4,576.00"
2026-05-20,792,2026052005012022,PPL,62,32,485,352.00,"170,720.00"
2026-05-20,793,2026052005012021,PPL,62,42,15,352.00,"5,280.00"
2026-05-20,794,2026052005012001,PPL,58,49,15,351.80,"5,277.00"
2026-05-20,795,2026052005011892,PPL,58,58,10,351.80,"3,518.00"
2026-05-20,796,2026052005011724,PPL,58,66,100,351.80,"35,180.00"
2026-05-20,797,2026052005011807,PSF,35,44,"40,000",12.10,"484,000.00"
2026-05-20,798,2026052005011806,PSF,29,44,"5,000",12.13,"60,650.00"
2026-05-20,799,2026052005011805,PSF,49,44,150,12.15,"1,822.50"
2026-05-20,800,2026052005011676,PSF,45,44,500,12.20,"6,100.00"
2026-05-20,801,2026052005011675,PSF,17,44,"16,475",12.20,"200,995.00"
2026-05-20,802,2026052005011891,RAWA,17,6,450,580.00,"261,000.00"
2026-05-20,803,2026052005011890,RAWA,10,6,90,580.00,"52,200.00"
2026-05-20,804,2026052005011889,RAWA,10,6,50,582.00,"29,100.00"
2026-05-20,805,2026052005012069,RFPL,60,32,600,375.00,"225,000.00"
2026-05-20,806,2026052005012068,RFPL,60,26,400,375.00,"150,000.00"
2026-05-20,807,2026052005012025,RFPL,42,58,50,374.30,"18,715.00"
2026-05-20,808,2026052005011738,RFPL,10,26,100,375.00,"37,500.00"
2026-05-20,809,2026052005011649,RFPL,11,32,10,375.50,"3,755.00"
2026-05-20,810,2026052005011640,RFPL,10,32,50,375.50,"18,775.00"
2026-05-20,811,2026052005011606,RHGCL,14,36,134,295.00,"39,530.00"
2026-05-20,812,2026052005011605,RHGCL,14,48,100,295.00,"29,500.00"
2026-05-20,813,2026052005011604,RHGCL,14,43,100,295.00,"29,500.00"
2026-05-20,814,2026052005012023,RMF1,58,52,100,9.94,994.00
2026-05-20,815,2026052005011906,RNLI,58,43,146,467.90,"68,313.40"
2026-05-20,816,2026052005011905,RNLI,58,59,42,467.70,"19,643.40"
2026-05-20,817,2026052005011904,RNLI,58,58,12,467.00,"5,604.00"
2026-05-20,818,2026052005011903,RNLI,58,41,14,466.00,"6,524.00"
2026-05-20,819,2026052005011902,RNLI,58,58,12,466.00,"5,592.00"
2026-05-20,820,2026052005011901,RNLI,58,58,12,466.00,"5,592.00"
2026-05-20,821,2026052005011634,RNLI,35,58,12,466.00,"5,592.00"
2026-05-20,822,2026052005011633,RNLI,35,58,12,466.00,"5,592.00"
2026-05-20,823,2026052005011632,RNLI,35,57,12,466.00,"5,592.00"
2026-05-20,824,2026052005011631,RNLI,35,43,12,465.00,"5,580.00"
2026-05-20,825,2026052005011630,RNLI,35,58,10,465.00,"4,650.00"
2026-05-20,826,2026052005011629,RNLI,35,32,12,465.00,"5,580.00"
2026-05-20,827,2026052005011638,RNLI,35,41,396,466.00,"184,536.00"
2026-05-20,828,2026052005011637,RNLI,35,58,12,466.00,"5,592.00"
2026-05-20,829,2026052005011636,RNLI,35,33,10,466.00,"4,660.00"
2026-05-20,830,2026052005011635,RNLI,35,45,12,466.00,"5,592.00"
2026-05-20,831,2026052005011900,RNLI,58,28,12,466.00,"5,592.00"
2026-05-20,832,2026052005011863,RNLI,49,58,12,464.20,"5,570.40"
2026-05-20,833,2026052005012096,SAGF,62,58,100,10.30,"1,030.00"
2026-05-20,834,2026052005012081,SAHAS,21,19,35,663.00,"23,205.00"
2026-05-20,835,2026052005011977,SAHAS,21,45,261,663.00,"173,043.00"
2026-05-20,836,2026052005011956,SAHAS,21,45,104,663.00,"68,952.00"
2026-05-20,837,2026052005011955,SAHAS,21,19,500,663.00,"331,500.00"
2026-05-20,838,2026052005011954,SAHAS,21,58,70,663.00,"46,410.00"
2026-05-20,839,2026052005011950,SAHAS,42,58,10,663.00,"6,630.00"
2026-05-20,840,2026052005011907,SAHAS,57,58,20,662.60,"13,252.00"
2026-05-20,841,2026052005011815,SAHAS,45,49,13,663.00,"8,619.00"
2026-05-20,842,2026052005011814,SAHAS,45,53,30,663.00,"19,890.00"
2026-05-20,843,2026052005011813,SAHAS,45,56,25,663.00,"16,575.00"
2026-05-20,844,2026052005011812,SAHAS,45,37,28,663.00,"18,564.00"
2026-05-20,845,2026052005011781,SAHAS,51,6,50,662.50,"33,125.00"
2026-05-20,846,2026052005012101,SANVI,50,94,100,725.00,"72,500.00"
2026-05-20,847,2026052005012018,SANVI,50,91,100,725.00,"72,500.00"
2026-05-20,848,2026052005011887,SANVI,57,60,50,724.00,"36,200.00"
2026-05-20,849,2026052005011886,SANVI,36,60,50,724.00,"36,200.00"
2026-05-20,850,2026052005011885,SANVI,62,60,100,724.20,"72,420.00"
2026-05-20,851,2026052005011879,SANVI,62,91,200,724.20,"144,840.00"
2026-05-20,852,2026052005011680,SANVI,39,58,100,725.50,"72,550.00"
2026-05-20,853,2026052005011609,SANVI,39,89,10,725.50,"7,255.00"
2026-05-20,854,2026052005011872,SANVI,35,91,150,725.40,"108,810.00"
2026-05-20,855,2026052005011871,SANVI,35,91,50,725.50,"36,275.00"
2026-05-20,856,2026052005011870,SANVI,6,91,20,725.60,"14,512.00"
2026-05-20,857,2026052005011809,SANVI,6,49,10,725.60,"7,256.00"
2026-05-20,858,2026052005011785,SANVI,39,94,40,725.50,"29,020.00"
2026-05-20,859,2026052005011700,SANVI,39,94,50,725.50,"36,275.00"
2026-05-20,860,2026052005011878,SANVI,58,91,140,725.00,"101,500.00"
2026-05-20,861,2026052005011877,SANVI,11,91,100,725.00,"72,500.00"
2026-05-20,862,2026052005011876,SANVI,62,91,140,725.00,"101,500.00"
2026-05-20,863,2026052005011875,SANVI,6,91,30,725.00,"21,750.00"
2026-05-20,864,2026052005011874,SANVI,22,91,50,725.00,"36,250.00"
2026-05-20,865,2026052005011873,SANVI,49,91,20,725.20,"14,504.00"
2026-05-20,866,2026052005011722,SEF,45,40,"9,800",10.00,"98,000.00"
2026-05-20,867,2026052005012091,SHIVM,6,80,744,684.10,"508,970.40"
2026-05-20,868,2026052005012090,SHIVM,58,80,500,684.40,"342,200.00"
2026-05-20,869,2026052005012089,SHIVM,34,80,145,684.50,"99,252.50"
2026-05-20,870,2026052005012088,SHIVM,58,80,40,684.50,"27,380.00"
2026-05-20,871,2026052005012087,SHIVM,38,80,183,684.50,"125,263.50"
2026-05-20,872,2026052005012086,SHIVM,42,80,58,684.60,"39,706.80"
2026-05-20,873,2026052005011655,SHIVM,51,16,100,685.00,"68,500.00"
2026-05-20,874,2026052005011648,SHIVM,58,26,2,682.20,"1,364.40"
2026-05-20,875,2026052005011677,SHIVM,21,13,200,685.00,"137,000.00"
2026-05-20,876,2026052005011661,SHIVM,92,42,211,685.00,"144,535.00"
2026-05-20,877,2026052005011660,SHIVM,92,40,100,685.00,"68,500.00"
2026-05-20,878,2026052005011659,SHIVM,92,48,133,685.00,"91,105.00"
2026-05-20,879,2026052005011658,SHIVM,92,29,10,685.00,"6,850.00"
2026-05-20,880,2026052005011657,SHIVM,92,16,41,685.00,"28,085.00"
2026-05-20,881,2026052005011748,SHIVM,4,57,200,685.00,"137,000.00"
2026-05-20,882,2026052005011747,SHIVM,4,58,50,685.00,"34,250.00"
2026-05-20,883,2026052005011746,SHIVM,4,48,200,685.00,"137,000.00"
2026-05-20,884,2026052005011745,SHIVM,4,13,190,685.00,"130,150.00"
2026-05-20,885,2026052005011699,SHIVM,38,94,17,684.50,"11,636.50"
2026-05-20,886,2026052005011690,SHIVM,58,13,10,685.00,"6,850.00"
2026-05-20,887,2026052005011754,SHIVM,4,57,500,687.00,"343,500.00"
2026-05-20,888,2026052005011753,SHIVM,4,58,50,686.00,"34,300.00"
2026-05-20,889,2026052005011752,SHIVM,4,22,512,686.00,"351,232.00"
2026-05-20,890,2026052005011751,SHIVM,4,57,20,686.00,"13,720.00"
2026-05-20,891,2026052005011750,SHIVM,4,57,300,686.00,"205,800.00"
2026-05-20,892,2026052005011749,SHIVM,4,36,500,686.00,"343,000.00"
2026-05-20,893,2026052005011958,SHIVM,92,51,70,685.10,"47,957.00"
2026-05-20,894,2026052005011949,SHIVM,92,60,130,685.10,"89,063.00"
2026-05-20,895,2026052005011758,SHIVM,4,37,361,687.90,"248,331.90"
2026-05-20,896,2026052005011757,SHIVM,4,35,300,687.80,"206,340.00"
2026-05-20,897,2026052005011756,SHIVM,4,32,17,687.00,"11,679.00"
2026-05-20,898,2026052005011755,SHIVM,4,68,100,687.00,"68,700.00"
2026-05-20,899,2026052005012029,SHIVM,80,21,180,687.50,"123,750.00"
2026-05-20,900,2026052005012028,SHIVM,80,41,325,687.40,"223,405.00"
2026-05-20,901,2026052005012027,SHIVM,80,101,450,687.00,"309,150.00"
2026-05-20,902,2026052005011961,SHIVM,58,51,90,684.60,"61,614.00"
2026-05-20,903,2026052005011960,SHIVM,54,51,20,685.00,"13,700.00"
2026-05-20,904,2026052005011959,SHIVM,35,51,20,685.00,"13,700.00"
2026-05-20,905,2026052005012085,SHIVM,58,80,30,684.60,"20,538.00"
2026-05-20,906,2026052005012034,SHIVM,80,14,28,688.00,"19,264.00"
2026-05-20,907,2026052005012033,SHIVM,80,13,400,687.90,"275,160.00"
2026-05-20,908,2026052005012032,SHIVM,80,51,78,687.90,"53,656.20"
2026-05-20,909,2026052005012031,SHIVM,80,38,100,687.90,"68,790.00"
2026-05-20,910,2026052005012030,SHIVM,80,37,139,687.90,"95,618.10"
2026-05-20,911,2026052005012017,SIKLES,19,60,151,593.50,"89,618.50"
2026-05-20,912,2026052005012016,SIKLES,22,60,54,593.60,"32,054.40"
2026-05-20,913,2026052005011775,SIKLES,22,16,46,593.60,"27,305.60"
2026-05-20,914,2026052005011932,SMATA,50,1,11,765.00,"8,415.00"
2026-05-20,915,2026052005011737,SMATA,49,17,34,768.90,"26,142.60"
2026-05-20,916,2026052005011736,SMATA,49,51,489,768.60,"375,845.40"
2026-05-20,917,2026052005011735,SMATA,49,19,10,768.60,"7,686.00"
2026-05-20,918,2026052005011734,SMATA,49,42,15,768.50,"11,527.50"
2026-05-20,919,2026052005011733,SMATA,49,42,10,768.40,"7,684.00"
2026-05-20,920,2026052005011732,SMATA,49,38,10,768.00,"7,680.00"
2026-05-20,921,2026052005011731,SMATA,49,62,12,768.00,"9,216.00"
2026-05-20,922,2026052005011730,SMATA,49,42,10,766.90,"7,669.00"
2026-05-20,923,2026052005011729,SMATA,49,42,10,766.90,"7,669.00"
2026-05-20,924,2026052005011841,SMH,36,3,300,591.00,"177,300.00"
2026-05-20,925,2026052005011840,SMH,70,3,247,591.00,"145,977.00"
2026-05-20,926,2026052005011839,SMH,90,3,100,591.50,"59,150.00"
2026-05-20,927,2026052005011969,SMHL,4,74,650,504.00,"327,600.00"
2026-05-20,928,2026052005011968,SMHL,4,45,380,503.90,"191,482.00"
2026-05-20,929,2026052005011967,SMHL,4,33,500,503.80,"251,900.00"
2026-05-20,930,2026052005011966,SMHL,4,45,100,503.00,"50,300.00"
2026-05-20,931,2026052005011823,SMHL,90,1,20,503.00,"10,060.00"
2026-05-20,932,2026052005011672,SMHL,4,74,411,504.00,"207,144.00"
2026-05-20,933,2026052005011671,SMHL,4,58,11,504.00,"5,544.00"
2026-05-20,934,2026052005011670,SMHL,4,97,100,503.80,"50,380.00"
2026-05-20,935,2026052005011669,SMHL,4,35,10,503.50,"5,035.00"
2026-05-20,936,2026052005011668,SMHL,4,33,68,503.00,"34,204.00"
2026-05-20,937,2026052005011858,SMJC,58,62,10,488.90,"4,889.00"
2026-05-20,938,2026052005011857,SMJC,58,44,50,488.50,"24,425.00"
2026-05-20,939,2026052005011791,SMJC,86,1,110,487.10,"53,581.00"
2026-05-20,940,2026052005011790,SMJC,57,1,90,488.00,"43,920.00"
2026-05-20,941,2026052005011704,SMJC,57,19,100,488.00,"48,800.00"
2026-05-20,942,2026052005012097,SONA,16,58,10,450.40,"4,504.00"
2026-05-20,943,2026052005011679,SONA,16,33,100,452.20,"45,220.00"
2026-05-20,944,2026052005011616,SONA,16,42,50,452.00,"22,600.00"
2026-05-20,945,2026052005011615,SONA,16,43,10,452.00,"4,520.00"
2026-05-20,946,2026052005011614,SONA,16,34,100,452.00,"45,200.00"
2026-05-20,947,2026052005011613,SONA,16,57,10,452.00,"4,520.00"
2026-05-20,948,2026052005011612,SONA,16,57,10,452.00,"4,520.00"
2026-05-20,949,2026052005011611,SONA,16,58,10,451.00,"4,510.00"
2026-05-20,950,2026052005011610,SONA,16,49,10,451.00,"4,510.00"
2026-05-20,951,2026052005012078,SPHL,35,58,10,517.80,"5,178.00"
2026-05-20,952,2026052005011706,SPHL,35,58,10,517.80,"5,178.00"
2026-05-20,953,2026052005011705,SPHL,35,49,10,515.00,"5,150.00"
2026-05-20,954,2026052005012035,SPL,4,10,10,706.00,"7,060.00"
2026-05-20,955,2026052005012008,SPL,1,10,620,700.00,"434,000.00"
2026-05-20,956,2026052005012007,SPL,1,10,600,700.00,"420,000.00"
2026-05-20,957,2026052005012006,SPL,1,10,"4,800",700.00,"3,360,000.00"
2026-05-20,958,2026052005012005,SPL,1,10,500,700.00,"350,000.00"
2026-05-20,959,2026052005012004,SPL,1,10,941,700.00,"658,700.00"
2026-05-20,960,2026052005011656,SPL,62,58,10,701.10,"7,011.00"
2026-05-20,961,2026052005012003,SPL,32,10,150,700.10,"105,015.00"
2026-05-20,962,2026052005012002,SPL,17,10,300,700.10,"210,030.00"
2026-05-20,963,2026052005012015,TAMOR,29,59,"1,305",453.80,"592,209.00"
2026-05-20,964,2026052005012014,TAMOR,29,47,390,453.70,"176,943.00"
2026-05-20,965,2026052005012013,TAMOR,29,81,"2,000",453.60,"907,200.00"
2026-05-20,966,2026052005012012,TAMOR,29,90,100,453.50,"45,350.00"
2026-05-20,967,2026052005012011,TAMOR,29,59,"1,000",453.50,"453,500.00"
2026-05-20,968,2026052005012010,TAMOR,29,17,10,453.50,"4,535.00"
2026-05-20,969,2026052005012009,TAMOR,29,39,195,453.40,"88,413.00"
2026-05-20,970,2026052005011696,TAMOR,4,39,305,453.60,"138,348.00"
2026-05-20,971,2026052005011695,TAMOR,4,50,360,453.50,"163,260.00"
2026-05-20,972,2026052005011666,TAMOR,49,50,140,453.50,"63,490.00"
2026-05-20,973,2026052005011984,TPC,7,36,200,381.00,"76,200.00"
2026-05-20,974,2026052005011952,TPC,58,36,30,381.00,"11,430.00"
2026-05-20,975,2026052005011951,TPC,89,36,360,381.00,"137,160.00"
2026-05-20,976,2026052005011943,TPC,89,47,50,381.00,"19,050.00"
2026-05-20,977,2026052005011866,TPC,89,57,100,381.00,"38,100.00"
2026-05-20,978,2026052005011794,TPC,45,36,10,380.90,"3,809.00"
2026-05-20,979,2026052005011865,TPC,89,22,40,381.00,"15,240.00"
2026-05-20,980,2026052005011768,UHEWA,58,45,33,585.00,"19,305.00"
2026-05-20,981,2026052005011767,UHEWA,58,99,11,585.00,"6,435.00"
2026-05-20,982,2026052005011766,UHEWA,58,43,98,584.90,"57,320.20"
2026-05-20,983,2026052005011765,UHEWA,58,42,48,584.90,"28,075.20"
2026-05-20,984,2026052005011764,UHEWA,58,3,10,583.80,"5,838.00"
2026-05-20,985,2026052005012066,ULHC,60,58,350,488.00,"170,800.00"
2026-05-20,986,2026052005012060,USHEC,34,6,25,505.10,"12,627.50"
2026-05-20,987,2026052005011888,USHEC,4,49,10,505.00,"5,050.00"
2026-05-20,988,2026052005011792,USHEC,4,58,77,505.00,"38,885.00"
2026-05-20,989,2026052005011718,USHEC,4,58,123,505.00,"62,115.00"
2026-05-20,990,2026052005011713,USHEC,32,58,10,503.00,"5,030.00"
2026-05-20,991,2026052005011721,USHEC,4,58,10,505.00,"5,050.00"
2026-05-20,992,2026052005011720,USHEC,4,59,300,505.00,"151,500.00"
2026-05-20,993,2026052005011719,USHEC,4,47,30,505.00,"15,150.00"
2026-05-20,994,2026052005012094,VLUCL,42,35,90,500.00,"45,000.00"
2026-05-20,995,2026052005011987,VLUCL,88,29,10,502.00,"5,020.00"
2026-05-20,996,2026052005011895,VLUCL,42,42,10,500.00,"5,000.00"
2026-05-20,997,2026052005011789,VLUCL,88,34,10,502.50,"5,025.00"
2026-05-20,998,2026052005011788,VLUCL,88,19,10,501.00,"5,010.00"
2026-05-20,999,2026052005011787,VLUCL,88,42,10,501.00,"5,010.00"
2026-05-20,1000,2026052005011786,VLUCL,88,58,10,501.00,"5,010.00"
2026-05-20,1001,2026052005011401,AHL,58,58,20,504.00,"10,080.00"
2026-05-20,1002,2026052005011317,AHL,41,74,20,505.00,"10,100.00"
2026-05-20,1003,2026052005011289,AHL,56,74,10,509.00,"5,090.00"
2026-05-20,1004,2026052005011214,AHL,40,58,50,503.10,"25,155.00"
2026-05-20,1005,2026052005011166,AHL,57,45,440,503.80,"221,672.00"
2026-05-20,1006,2026052005011135,AHL,45,74,200,503.10,"100,620.00"
2026-05-20,1007,2026052005011588,BEDC,45,35,200,374.70,"74,940.00"
2026-05-20,1008,2026052005011586,BEDC,46,53,50,373.00,"18,650.00"
2026-05-20,1009,2026052005011533,BEDC,48,48,100,374.50,"37,450.00"
2026-05-20,1010,2026052005011532,BEDC,48,54,100,374.30,"37,430.00"
2026-05-20,1011,2026052005011508,BEDC,46,4,50,373.00,"18,650.00"
2026-05-20,1012,2026052005011152,BEDC,58,35,140,373.90,"52,346.00"
2026-05-20,1013,2026052005011224,BEDC,7,35,40,374.90,"14,996.00"
2026-05-20,1014,2026052005011156,BEDC,58,57,20,375.00,"7,500.00"
2026-05-20,1015,2026052005011155,BEDC,58,29,275,374.00,"102,850.00"
2026-05-20,1016,2026052005011154,BEDC,58,16,"1,365",374.00,"510,510.00"
2026-05-20,1017,2026052005011153,BEDC,58,35,200,373.90,"74,780.00"
2026-05-20,1018,2026052005011483,BHDC,43,7,50,463.80,"23,190.00"
2026-05-20,1019,2026052005011335,BHDC,68,45,10,463.90,"4,639.00"
2026-05-20,1020,2026052005011167,BHDC,43,45,10,463.60,"4,636.00"
2026-05-20,1021,2026052005011589,BHL,28,42,25,226.30,"5,657.50"
2026-05-20,1022,2026052005011564,BHL,28,22,200,226.30,"45,260.00"
2026-05-20,1023,2026052005011538,BHL,28,77,10,226.30,"2,263.00"
2026-05-20,1024,2026052005011534,BHL,28,36,123,226.30,"27,834.90"
2026-05-20,1025,2026052005011499,BHL,56,58,"2,000",226.10,"452,200.00"
2026-05-20,1026,2026052005011430,BHL,28,58,"1,175",226.40,"266,020.00"
2026-05-20,1027,2026052005011187,BHL,28,45,150,226.00,"33,900.00"
2026-05-20,1028,2026052005011140,BHL,28,58,175,226.00,"39,550.00"
2026-05-20,1029,2026052005011320,BNHC,41,25,30,330.00,"9,900.00"
2026-05-20,1030,2026052005011319,BNHC,41,25,20,330.00,"6,600.00"
2026-05-20,1031,2026052005011170,BNHC,17,25,50,330.10,"16,505.00"
2026-05-20,1032,2026052005011591,CHDC,32,49,100,"2,287.00","228,700.00"
2026-05-20,1033,2026052005011505,CHDC,32,7,50,"2,286.00","114,300.00"
2026-05-20,1034,2026052005011403,CHDC,32,32,600,"2,281.10","1,368,660.00"
2026-05-20,1035,2026052005011322,CHDC,34,32,10,"2,288.00","22,880.00"
2026-05-20,1036,2026052005011245,CHDC,34,32,20,"2,288.00","45,760.00"
2026-05-20,1037,2026052005011157,CHDC,34,66,50,"2,289.00","114,450.00"
2026-05-20,1038,2026052005011165,CIT,14,49,6,"1,764.00","10,584.00"
2026-05-20,1039,2026052005011498,CLI,35,58,13,454.30,"5,905.90"
2026-05-20,1040,2026052005011382,CLI,35,58,13,455.00,"5,915.00"
2026-05-20,1041,2026052005011375,CLI,38,35,13,454.20,"5,904.60"
2026-05-20,1042,2026052005011208,CLI,42,43,13,455.00,"5,915.00"
2026-05-20,1043,2026052005011446,DOLTI,22,38,925,347.00,"320,975.00"
2026-05-20,1044,2026052005011381,DOLTI,57,38,62,347.00,"21,514.00"
2026-05-20,1045,2026052005011377,DOLTI,58,38,13,347.00,"4,511.00"
2026-05-20,1046,2026052005011341,DOLTI,22,38,100,347.00,"34,700.00"
2026-05-20,1047,2026052005011324,DOLTI,22,38,195,347.00,"67,665.00"
2026-05-20,1048,2026052005011294,DOLTI,14,38,805,347.00,"279,335.00"
2026-05-20,1049,2026052005011162,DOLTI,42,41,50,347.00,"17,350.00"
2026-05-20,1050,2026052005011159,DOLTI,1,41,300,347.00,"104,100.00"
2026-05-20,1051,2026052005011150,DOLTI,57,25,175,346.90,"60,707.50"
2026-05-20,1052,2026052005011149,DOLTI,13,25,10,346.90,"3,469.00"
2026-05-20,1053,2026052005011293,DOLTI,14,38,695,347.00,"241,165.00"
2026-05-20,1054,2026052005011292,DOLTI,16,38,305,347.00,"105,835.00"
2026-05-20,1055,2026052005011291,DOLTI,16,38,195,347.00,"67,665.00"
2026-05-20,1056,2026052005011238,DOLTI,57,38,805,347.00,"279,335.00"
2026-05-20,1057,2026052005011237,DOLTI,57,41,195,347.00,"67,665.00"
2026-05-20,1058,2026052005011213,DOLTI,58,41,145,347.00,"50,315.00"
2026-05-20,1059,2026052005011587,DORDI,52,37,10,275.20,"2,752.00"
2026-05-20,1060,2026052005011556,DORDI,45,58,80,279.00,"22,320.00"
2026-05-20,1061,2026052005011555,DORDI,45,17,100,277.00,"27,700.00"
2026-05-20,1062,2026052005011512,DORDI,52,37,10,275.20,"2,752.00"
2026-05-20,1063,2026052005011437,DORDI,45,37,80,276.00,"22,080.00"
2026-05-20,1064,2026052005011352,DORDI,45,42,20,276.00,"5,520.00"
2026-05-20,1065,2026052005011209,DORDI,52,6,10,275.20,"2,752.00"
2026-05-20,1066,2026052005011509,GCIL,16,38,12,420.40,"5,044.80"
2026-05-20,1067,2026052005011563,GIBF1,29,44,100,10.76,"1,076.00"
2026-05-20,1068,2026052005011438,GVL,6,49,109,492.40,"53,671.60"
2026-05-20,1069,2026052005011270,HATHY,74,36,20,803.50,"16,070.00"
2026-05-20,1070,2026052005011269,HATHY,74,49,500,803.50,"401,750.00"
2026-05-20,1071,2026052005011268,HATHY,74,44,30,803.50,"24,105.00"
2026-05-20,1072,2026052005011518,HDL,8,32,213,"1,161.00","247,293.00"
2026-05-20,1073,2026052005011502,HDL,8,14,20,"1,161.00","23,220.00"
2026-05-20,1074,2026052005011486,HDL,25,32,136,"1,160.20","157,787.20"
2026-05-20,1075,2026052005011485,HDL,25,32,64,"1,160.30","74,259.20"
2026-05-20,1076,2026052005011160,HDL,21,41,30,"1,161.90","34,857.00"
2026-05-20,1077,2026052005011147,HDL,90,90,500,"1,161.50","580,750.00"
2026-05-20,1078,2026052005011136,HDL,90,90,500,"1,161.50","580,750.00"
2026-05-20,1079,2026052005011318,HDL,22,45,30,"1,161.10","34,833.00"
2026-05-20,1080,2026052005011464,HDL,59,14,200,"1,161.00","232,200.00"
2026-05-20,1081,2026052005011457,HDL,58,14,30,"1,161.00","34,830.00"
2026-05-20,1082,2026052005011456,HDL,4,14,30,"1,161.00","34,830.00"
2026-05-20,1083,2026052005011455,HDL,43,14,10,"1,161.10","11,611.00"
2026-05-20,1084,2026052005011454,HDL,42,14,10,"1,161.10","11,611.00"
2026-05-20,1085,2026052005011516,HHL,62,57,10,372.90,"3,729.00"
2026-05-20,1086,2026052005011463,HHL,62,4,200,372.90,"74,580.00"
2026-05-20,1087,2026052005011462,HHL,62,13,50,372.90,"18,645.00"
2026-05-20,1088,2026052005011429,HHL,45,57,90,372.00,"33,480.00"
2026-05-20,1089,2026052005011210,HHL,59,4,200,371.10,"74,220.00"
2026-05-20,1090,2026052005011205,HHL,45,4,175,371.00,"64,925.00"
2026-05-20,1091,2026052005011546,HIDCL,25,11,89,272.00,"24,208.00"
2026-05-20,1092,2026052005011520,HIDCL,58,11,11,272.00,"2,992.00"
2026-05-20,1093,2026052005011510,HIDCL,58,45,330,272.00,"89,760.00"
2026-05-20,1094,2026052005011504,HIDCL,14,45,195,272.00,"53,040.00"
2026-05-20,1095,2026052005011503,HIDCL,14,101,"1,305",272.00,"354,960.00"
2026-05-20,1096,2026052005011407,HIDCL,100,101,500,272.00,"136,000.00"
2026-05-20,1097,2026052005011406,HIDCL,4,101,95,272.00,"25,840.00"
2026-05-20,1098,2026052005011405,HIDCL,67,101,50,272.00,"13,600.00"
2026-05-20,1099,2026052005011404,HIDCL,52,101,50,272.00,"13,600.00"
2026-05-20,1100,2026052005011274,HIDCL,35,42,42,272.60,"11,449.20"
2026-05-20,1101,2026052005011273,HIDCL,35,42,30,272.60,"8,178.00"
2026-05-20,1102,2026052005011201,HIDCL,52,4,10,272.00,"2,720.00"
2026-05-20,1103,2026052005011592,HRL,58,6,137,644.20,"88,255.40"
2026-05-20,1104,2026052005011537,HRL,58,8,100,644.20,"64,420.00"
2026-05-20,1105,2026052005011481,HRL,45,66,100,644.10,"64,410.00"
2026-05-20,1106,2026052005011478,HRL,49,58,47,645.00,"30,315.00"
2026-05-20,1107,2026052005011477,HRL,49,58,10,645.00,"6,450.00"
2026-05-20,1108,2026052005011138,HRL,1,59,50,644.00,"32,200.00"
2026-05-20,1109,2026052005011105,HRL,1,32,21,644.00,"13,524.00"
2026-05-20,1110,2026052005011104,HRL,1,16,187,644.00,"120,428.00"
2026-05-20,1111,2026052005011169,HRL,54,57,300,644.00,"193,200.00"
2026-05-20,1112,2026052005011168,HRL,1,57,38,644.00,"24,472.00"
2026-05-20,1113,2026052005011340,HRL,67,45,32,644.00,"20,608.00"
2026-05-20,1114,2026052005011307,HRL,67,47,100,644.00,"64,400.00"
2026-05-20,1115,2026052005011306,HRL,67,57,209,644.00,"134,596.00"
2026-05-20,1116,2026052005011280,HRL,42,48,161,643.20,"103,555.20"
2026-05-20,1117,2026052005011279,HRL,80,48,760,643.20,"488,832.00"
2026-05-20,1118,2026052005011278,HRL,42,48,79,643.30,"50,820.70"
2026-05-20,1119,2026052005011394,HRL,101,58,32,645.00,"20,640.00"
2026-05-20,1120,2026052005011393,HRL,101,62,111,645.00,"71,595.00"
2026-05-20,1121,2026052005011392,HRL,101,57,10,644.90,"6,449.00"
2026-05-20,1122,2026052005011391,HRL,101,62,270,644.90,"174,123.00"
2026-05-20,1123,2026052005011362,HRL,62,62,20,644.90,"12,898.00"
2026-05-20,1124,2026052005011361,HRL,62,57,10,644.90,"6,449.00"
2026-05-20,1125,2026052005011470,HRL,49,4,100,645.00,"64,500.00"
2026-05-20,1126,2026052005011469,HRL,49,1,83,645.00,"53,535.00"
2026-05-20,1127,2026052005011431,HRL,45,16,10,644.10,"6,441.00"
2026-05-20,1128,2026052005011397,HRL,101,1,17,645.00,"10,965.00"
2026-05-20,1129,2026052005011396,HRL,101,58,10,645.00,"6,450.00"
2026-05-20,1130,2026052005011395,HRL,101,61,50,645.00,"32,250.00"
2026-05-20,1131,2026052005011476,HRL,49,58,10,645.00,"6,450.00"
2026-05-20,1132,2026052005011475,HRL,49,1,10,645.00,"6,450.00"
2026-05-20,1133,2026052005011474,HRL,49,63,20,645.00,"12,900.00"
2026-05-20,1134,2026052005011473,HRL,49,59,500,645.00,"322,500.00"
2026-05-20,1135,2026052005011472,HRL,49,22,10,645.00,"6,450.00"
2026-05-20,1136,2026052005011471,HRL,49,47,10,645.00,"6,450.00"
2026-05-20,1137,2026052005011422,IHL,34,43,30,428.70,"12,861.00"
2026-05-20,1138,2026052005011525,ILI,58,58,12,438.00,"5,256.00"
2026-05-20,1139,2026052005011479,ILI,58,16,12,438.00,"5,256.00"
2026-05-20,1140,2026052005011379,ILI,58,6,12,438.00,"5,256.00"
2026-05-20,1141,2026052005011323,ILI,58,58,12,438.00,"5,256.00"
2026-05-20,1142,2026052005011314,ILI,58,58,12,438.00,"5,256.00"
2026-05-20,1143,2026052005011313,ILI,58,8,12,438.00,"5,256.00"
2026-05-20,1144,2026052005011312,ILI,58,58,12,438.00,"5,256.00"
2026-05-20,1145,2026052005011311,ILI,58,58,12,438.00,"5,256.00"
2026-05-20,1146,2026052005011310,ILI,58,41,12,438.00,"5,256.00"
2026-05-20,1147,2026052005011309,ILI,58,35,12,438.00,"5,256.00"
2026-05-20,1148,2026052005011308,ILI,58,13,12,437.50,"5,250.00"
2026-05-20,1149,2026052005011445,KBSH,4,8,10,"1,500.00","15,000.00"
2026-05-20,1150,2026052005011146,KBSH,45,58,95,"1,501.00","142,595.00"
2026-05-20,1151,2026052005011453,KEF,56,35,100,10.74,"1,074.00"
2026-05-20,1152,2026052005011177,KEF,56,44,"1,000",10.74,"10,740.00"
2026-05-20,1153,2026052005011411,MAKAR,38,8,600,512.00,"307,200.00"
2026-05-20,1154,2026052005011410,MAKAR,58,8,500,512.00,"256,000.00"
2026-05-20,1155,2026052005011409,MAKAR,48,8,75,512.10,"38,407.50"
2026-05-20,1156,2026052005011408,MAKAR,42,8,50,513.00,"25,650.00"
2026-05-20,1157,2026052005011339,MAKAR,57,8,10,514.00,"5,140.00"
2026-05-20,1158,2026052005011288,MAKAR,66,8,20,514.00,"10,280.00"
2026-05-20,1159,2026052005011287,MAKAR,66,48,30,514.00,"15,420.00"
2026-05-20,1160,2026052005011517,MBJC,57,77,50,284.10,"14,205.00"
2026-05-20,1161,2026052005011432,MBJC,1,22,100,284.00,"28,400.00"
2026-05-20,1162,2026052005011380,MBJC,1,4,30,284.00,"8,520.00"
2026-05-20,1163,2026052005011178,MBJC,17,14,100,284.50,"28,450.00"
2026-05-20,1164,2026052005011562,MCHL,17,47,10,321.20,"3,212.00"
2026-05-20,1165,2026052005011561,MCHL,17,45,10,321.10,"3,211.00"
2026-05-20,1166,2026052005011560,MCHL,17,58,10,321.00,"3,210.00"
2026-05-20,1167,2026052005011452,MCHL,101,44,340,317.10,"107,814.00"
2026-05-20,1168,2026052005011451,MCHL,51,44,200,317.10,"63,420.00"
2026-05-20,1169,2026052005011450,MCHL,74,44,50,318.00,"15,900.00"
2026-05-20,1170,2026052005011151,MCHL,19,45,10,320.00,"3,200.00"
2026-05-20,1171,2026052005011449,MCHL,58,44,10,318.00,"3,180.00"
2026-05-20,1172,2026052005011448,MCHL,17,44,100,318.00,"31,800.00"
2026-05-20,1173,2026052005011447,MCHL,42,44,300,319.60,"95,880.00"
2026-05-20,1174,2026052005011244,MCHL,51,58,15,321.00,"4,815.00"
2026-05-20,1175,2026052005011184,MCHL,17,62,50,319.50,"15,975.00"
2026-05-20,1176,2026052005011183,MCHL,17,62,50,319.50,"15,975.00"
2026-05-20,1177,2026052005011427,MEHL,32,29,190,384.00,"72,960.00"
2026-05-20,1178,2026052005011426,MEHL,32,42,530,383.90,"203,467.00"
2026-05-20,1179,2026052005011425,MEHL,32,58,10,381.00,"3,810.00"
2026-05-20,1180,2026052005011424,MEHL,32,42,70,381.00,"26,670.00"
2026-05-20,1181,2026052005011524,MEL,22,44,290,238.90,"69,281.00"
2026-05-20,1182,2026052005011228,MEL,32,65,500,238.00,"119,000.00"
2026-05-20,1183,2026052005011227,MEL,62,65,50,238.00,"11,900.00"
2026-05-20,1184,2026052005011226,MEL,87,65,300,238.00,"71,400.00"
2026-05-20,1185,2026052005011225,MEL,58,65,75,238.00,"17,850.00"
2026-05-20,1186,2026052005011234,MEL,14,44,325,238.90,"77,642.50"
2026-05-20,1187,2026052005011233,MEL,14,25,90,238.90,"21,501.00"
2026-05-20,1188,2026052005011232,MEL,14,45,10,238.90,"2,389.00"
2026-05-20,1189,2026052005011231,MEL,14,48,460,238.90,"109,894.00"
2026-05-20,1190,2026052005011230,MEL,14,74,40,238.60,"9,544.00"
2026-05-20,1191,2026052005011229,MEL,14,65,75,238.00,"17,850.00"
2026-05-20,1192,2026052005011281,MHCL,58,58,10,353.00,"3,530.00"
2026-05-20,1193,2026052005011132,MHCL,58,57,120,353.00,"42,360.00"
2026-05-20,1194,2026052005011530,MHL,62,52,"1,000",493.60,"493,600.00"
2026-05-20,1195,2026052005011529,MHL,10,52,50,494.00,"24,700.00"
2026-05-20,1196,2026052005011528,MHL,14,52,12,495.00,"5,940.00"
2026-05-20,1197,2026052005011527,MHL,10,52,90,495.00,"44,550.00"
2026-05-20,1198,2026052005011390,MHL,22,52,50,497.00,"24,850.00"
2026-05-20,1199,2026052005011389,MHL,64,52,55,497.00,"27,335.00"
2026-05-20,1200,2026052005011388,MHL,10,52,50,497.00,"24,850.00"
2026-05-20,1201,2026052005011387,MHL,45,52,10,497.10,"4,971.00"
2026-05-20,1202,2026052005011356,MHL,45,39,30,497.10,"14,913.00"
2026-05-20,1203,2026052005011355,MHL,57,39,100,497.20,"49,720.00"
2026-05-20,1204,2026052005011354,MHL,51,39,190,497.30,"94,487.00"
2026-05-20,1205,2026052005011353,MHL,36,39,30,498.00,"14,940.00"
2026-05-20,1206,2026052005011286,MKHC,45,48,26,320.20,"8,325.20"
2026-05-20,1207,2026052005011272,MMF1,49,22,"1,200",9.32,"11,184.00"
2026-05-20,1208,2026052005011271,MMF1,50,22,100,9.33,933.00
2026-05-20,1209,2026052005011514,MSHL,47,77,70,676.40,"47,348.00"
2026-05-20,1210,2026052005011513,MSHL,47,77,30,676.40,"20,292.00"
2026-05-20,1211,2026052005011398,MSHL,47,57,40,676.40,"27,056.00"
2026-05-20,1212,2026052005011316,NIFRA,26,43,70,265.80,"18,606.00"
2026-05-20,1213,2026052005011315,NIFRA,26,58,30,265.80,"7,974.00"
2026-05-20,1214,2026052005011253,NIFRA,42,58,10,265.80,"2,658.00"
2026-05-20,1215,2026052005011188,NIFRA,32,58,60,265.80,"15,948.00"
2026-05-20,1216,2026052005011186,NIFRA,38,52,54,265.50,"14,337.00"
2026-05-20,1217,2026052005011180,NIFRA,57,74,36,265.80,"9,568.80"
2026-05-20,1218,2026052005011145,NIFRA,62,25,500,265.80,"132,900.00"
2026-05-20,1219,2026052005011131,NIFRA,57,22,14,265.50,"3,717.00"
2026-05-20,1220,2026052005011130,NIFRA,42,22,50,265.50,"13,275.00"
2026-05-20,1221,2026052005011261,NMB50,45,44,300,10.60,"3,180.00"
2026-05-20,1222,2026052005011557,NRIC,22,48,30,905.00,"27,150.00"
2026-05-20,1223,2026052005011241,NRIC,35,45,10,903.00,"9,030.00"
2026-05-20,1224,2026052005011336,NRM,72,56,76,375.00,"28,500.00"
2026-05-20,1225,2026052005011331,NRM,72,34,200,375.00,"75,000.00"
2026-05-20,1226,2026052005011304,NRM,72,34,70,375.00,"26,250.00"
2026-05-20,1227,2026052005011303,NRM,72,41,100,375.00,"37,500.00"
2026-05-20,1228,2026052005011302,NRM,72,10,20,375.00,"7,500.00"
2026-05-20,1229,2026052005011301,NRM,72,34,44,375.00,"16,500.00"
2026-05-20,1230,2026052005011300,NRM,72,6,200,374.90,"74,980.00"
2026-05-20,1231,2026052005011515,NRN,66,58,20,"1,365.00","27,300.00"
2026-05-20,1232,2026052005011376,NRN,63,29,500,"1,363.00","681,500.00"
2026-05-20,1233,2026052005011321,NRN,38,29,12,"1,365.00","16,380.00"
2026-05-20,1234,2026052005011285,NRN,74,29,20,"1,365.00","27,300.00"
2026-05-20,1235,2026052005011284,NRN,58,29,225,"1,366.00","307,350.00"
2026-05-20,1236,2026052005011212,NRN,58,58,25,"1,366.00","34,150.00"
2026-05-20,1237,2026052005011442,NRN,58,29,43,"1,363.00","58,609.00"
2026-05-20,1238,2026052005011240,NSIF2,62,54,200,10.80,"2,160.00"
2026-05-20,1239,2026052005011539,NTC,58,58,1,888.00,888.00
2026-05-20,1240,2026052005011467,NTC,41,92,67,888.00,"59,496.00"
2026-05-20,1241,2026052005011466,NTC,49,92,78,888.00,"69,264.00"
2026-05-20,1242,2026052005011465,NTC,41,92,55,888.00,"48,840.00"
2026-05-20,1243,2026052005011423,NTC,34,13,30,889.90,"26,697.00"
2026-05-20,1244,2026052005011400,NTC,41,92,150,888.00,"133,200.00"
2026-05-20,1245,2026052005011181,NTC,38,49,10,889.50,"8,895.00"
2026-05-20,1246,2026052005011399,NTC,44,92,50,889.00,"44,450.00"
2026-05-20,1247,2026052005011242,NTC,41,92,100,888.00,"88,800.00"
2026-05-20,1248,2026052005011192,NTC,41,63,95,888.00,"84,360.00"
2026-05-20,1249,2026052005011191,NTC,42,63,15,889.10,"13,336.50"
2026-05-20,1250,2026052005011190,NTC,42,63,84,889.20,"74,692.80"
2026-05-20,1251,2026052005011182,NTC,42,49,90,889.20,"80,028.00"
2026-05-20,1252,2026052005011519,PHCL,65,19,270,308.00,"83,160.00"
2026-05-20,1253,2026052005011440,PHCL,62,45,10,309.00,"3,090.00"
2026-05-20,1254,2026052005011434,PPL,58,48,10,351.30,"3,513.00"
2026-05-20,1255,2026052005011421,PPL,58,74,255,351.90,"89,734.50"
2026-05-20,1256,2026052005011420,PPL,58,57,400,351.90,"140,760.00"
2026-05-20,1257,2026052005011419,PPL,58,42,15,351.50,"5,272.50"
2026-05-20,1258,2026052005011418,PPL,58,45,10,351.40,"3,514.00"
2026-05-20,1259,2026052005011441,RAWA,10,49,30,586.00,"17,580.00"
2026-05-20,1260,2026052005011378,RAWA,10,10,10,585.90,"5,859.00"
2026-05-20,1261,2026052005011545,RFPL,38,8,605,376.00,"227,480.00"
2026-05-20,1262,2026052005011500,RFPL,1,8,10,376.00,"3,760.00"
2026-05-20,1263,2026052005011107,RFPL,10,8,10,376.00,"3,760.00"
2026-05-20,1264,2026052005011106,RFPL,10,8,50,376.50,"18,825.00"
2026-05-20,1265,2026052005011603,RHGCL,14,41,10,295.00,"2,950.00"
2026-05-20,1266,2026052005011602,RHGCL,14,42,40,295.00,"11,800.00"
2026-05-20,1267,2026052005011601,RHGCL,14,77,100,295.00,"29,500.00"
2026-05-20,1268,2026052005011600,RHGCL,14,58,10,295.00,"2,950.00"
2026-05-20,1269,2026052005011599,RHGCL,14,58,10,295.00,"2,950.00"
2026-05-20,1270,2026052005011598,RHGCL,14,58,10,295.00,"2,950.00"
2026-05-20,1271,2026052005011194,RHGCL,48,72,"1,420",293.00,"416,060.00"
2026-05-20,1272,2026052005011193,RHGCL,48,80,40,292.80,"11,712.00"
2026-05-20,1273,2026052005011189,RHGCL,53,56,190,292.00,"55,480.00"
2026-05-20,1274,2026052005011200,RHGCL,48,34,374,293.90,"109,918.60"
2026-05-20,1275,2026052005011199,RHGCL,48,4,50,293.90,"14,695.00"
2026-05-20,1276,2026052005011198,RHGCL,48,45,42,293.00,"12,306.00"
2026-05-20,1277,2026052005011197,RHGCL,48,72,"1,000",293.00,"293,000.00"
2026-05-20,1278,2026052005011196,RHGCL,48,58,500,293.00,"146,500.00"
2026-05-20,1279,2026052005011195,RHGCL,48,49,14,293.00,"4,102.00"
2026-05-20,1280,2026052005011220,RHGCL,38,72,261,291.10,"75,977.10"
2026-05-20,1281,2026052005011219,RHGCL,74,72,"1,000",291.20,"291,200.00"
2026-05-20,1282,2026052005011218,RHGCL,57,72,20,291.20,"5,824.00"
2026-05-20,1283,2026052005011217,RHGCL,48,72,200,291.30,"58,260.00"
2026-05-20,1284,2026052005011216,RHGCL,38,72,200,291.30,"58,260.00"
2026-05-20,1285,2026052005011215,RHGCL,53,72,60,292.00,"17,520.00"
2026-05-20,1286,2026052005011597,RHGCL,14,13,300,294.90,"88,470.00"
2026-05-20,1287,2026052005011596,RHGCL,14,42,30,294.00,"8,820.00"
2026-05-20,1288,2026052005011595,RHGCL,14,32,20,294.00,"5,880.00"
2026-05-20,1289,2026052005011594,RHGCL,14,45,10,294.00,"2,940.00"
2026-05-20,1290,2026052005011593,RHGCL,14,34,126,293.90,"37,031.40"
2026-05-20,1291,2026052005011221,RHGCL,45,72,259,291.00,"75,369.00"
2026-05-20,1292,2026052005011458,RMF1,20,59,500,9.95,"4,975.00"
2026-05-20,1293,2026052005011108,RNLI,43,35,10,464.00,"4,640.00"
2026-05-20,1294,2026052005011584,SAHAS,4,37,472,663.00,"312,936.00"
2026-05-20,1295,2026052005011583,SAHAS,4,37,345,663.00,"228,735.00"
2026-05-20,1296,2026052005011582,SAHAS,4,42,13,663.00,"8,619.00"
2026-05-20,1297,2026052005011581,SAHAS,4,58,13,663.00,"8,619.00"
2026-05-20,1298,2026052005011580,SAHAS,4,52,75,663.00,"49,725.00"
2026-05-20,1299,2026052005011579,SAHAS,4,45,10,663.00,"6,630.00"
2026-05-20,1300,2026052005011142,SAHAS,60,35,150,662.00,"99,300.00"
2026-05-20,1301,2026052005011337,SAHAS,58,41,1,661.00,661.00
2026-05-20,1302,2026052005011305,SAHAS,58,34,3,662.70,"1,988.10"
2026-05-20,1303,2026052005011298,SAHAS,22,48,10,661.70,"6,617.00"
2026-05-20,1304,2026052005011297,SAHAS,42,28,39,661.90,"25,814.10"
2026-05-20,1305,2026052005011296,SAHAS,42,34,41,661.90,"27,137.90"
2026-05-20,1306,2026052005011239,SAHAS,49,34,15,661.90,"9,928.50"
2026-05-20,1307,2026052005011506,SAHAS,45,28,61,661.90,"40,375.90"
2026-05-20,1308,2026052005011402,SAHAS,56,28,100,661.90,"66,190.00"
2026-05-20,1309,2026052005011360,SAHAS,21,56,30,661.30,"19,839.00"
2026-05-20,1310,2026052005011359,SAHAS,22,56,10,661.40,"6,614.00"
2026-05-20,1311,2026052005011358,SAHAS,22,56,10,661.50,"6,615.00"
2026-05-20,1312,2026052005011357,SAHAS,22,56,10,661.60,"6,616.00"
2026-05-20,1313,2026052005011566,SAHAS,4,1,570,662.00,"377,340.00"
2026-05-20,1314,2026052005011565,SAHAS,4,35,21,662.00,"13,902.00"
2026-05-20,1315,2026052005011541,SAHAS,49,35,200,662.00,"132,400.00"
2026-05-20,1316,2026052005011540,SAHAS,45,44,117,661.90,"77,442.30"
2026-05-20,1317,2026052005011522,SAHAS,42,35,129,662.00,"85,398.00"
2026-05-20,1318,2026052005011521,SAHAS,45,48,80,661.90,"52,952.00"
2026-05-20,1319,2026052005011572,SAHAS,4,16,635,662.50,"420,687.50"
2026-05-20,1320,2026052005011571,SAHAS,4,36,36,662.20,"23,839.20"
2026-05-20,1321,2026052005011570,SAHAS,4,48,10,662.10,"6,621.00"
2026-05-20,1322,2026052005011569,SAHAS,4,7,13,662.00,"8,606.00"
2026-05-20,1323,2026052005011568,SAHAS,4,58,33,662.00,"21,846.00"
2026-05-20,1324,2026052005011567,SAHAS,4,49,24,662.00,"15,888.00"
2026-05-20,1325,2026052005011578,SAHAS,4,51,723,662.80,"479,204.40"
2026-05-20,1326,2026052005011577,SAHAS,4,37,20,662.70,"13,254.00"
2026-05-20,1327,2026052005011576,SAHAS,4,48,349,662.60,"231,247.40"
2026-05-20,1328,2026052005011575,SAHAS,4,58,14,662.50,"9,275.00"
2026-05-20,1329,2026052005011574,SAHAS,4,45,24,662.50,"15,900.00"
2026-05-20,1330,2026052005011573,SAHAS,4,21,100,662.50,"66,250.00"
2026-05-20,1331,2026052005011585,SANVI,39,14,10,725.50,"7,255.00"
2026-05-20,1332,2026052005011501,SANVI,35,42,10,725.40,"7,254.00"
2026-05-20,1333,2026052005011444,SANVI,11,58,20,727.00,"14,540.00"
2026-05-20,1334,2026052005011443,SANVI,44,49,30,727.90,"21,837.00"
2026-05-20,1335,2026052005011386,SANVI,33,67,50,727.00,"36,350.00"
2026-05-20,1336,2026052005011202,SEF,45,42,100,9.95,995.00
2026-05-20,1337,2026052005011374,SFEF,62,44,"1,000",10.15,"10,150.00"
2026-05-20,1338,2026052005011523,SGHC,58,43,50,368.90,"18,445.00"
2026-05-20,1339,2026052005011290,SGHC,46,43,20,368.90,"7,378.00"
2026-05-20,1340,2026052005011250,SGHC,41,43,10,368.90,"3,689.00"
2026-05-20,1341,2026052005011249,SGHC,41,22,10,368.80,"3,688.00"
2026-05-20,1342,2026052005011248,SGHC,41,38,10,368.50,"3,685.00"
2026-05-20,1343,2026052005011247,SGHC,41,58,50,368.30,"18,415.00"
2026-05-20,1344,2026052005011185,SGHC,46,58,50,368.30,"18,415.00"
2026-05-20,1345,2026052005011484,SHIVM,74,16,100,685.00,"68,500.00"
2026-05-20,1346,2026052005011436,SHIVM,56,16,150,685.00,"102,750.00"
2026-05-20,1347,2026052005011435,SHIVM,56,26,50,684.90,"34,245.00"
2026-05-20,1348,2026052005011428,SHIVM,26,26,150,684.90,"102,735.00"
2026-05-20,1349,2026052005011351,SHIVM,74,16,24,685.00,"16,440.00"
2026-05-20,1350,2026052005011350,SHIVM,74,29,76,684.50,"52,022.00"
2026-05-20,1351,2026052005011164,SHIVM,53,94,200,684.50,"136,900.00"
2026-05-20,1352,2026052005011299,SHIVM,1,44,"1,200",684.30,"821,160.00"
2026-05-20,1353,2026052005011251,SHIVM,42,21,142,684.20,"97,156.40"
2026-05-20,1354,2026052005011223,SHIVM,42,44,200,684.20,"136,840.00"
2026-05-20,1355,2026052005011207,SHIVM,19,29,24,684.50,"16,428.00"
2026-05-20,1356,2026052005011206,SHIVM,19,94,90,684.50,"61,605.00"
2026-05-20,1357,2026052005011176,SHIVM,36,94,10,684.50,"6,845.00"
2026-05-20,1358,2026052005011204,SMATA,14,41,11,765.10,"8,416.10"
2026-05-20,1359,2026052005011134,SMATA,14,66,90,765.10,"68,859.00"
2026-05-20,1360,2026052005011133,SMATA,34,66,10,766.00,"7,660.00"
2026-05-20,1361,2026052005011158,SMH,70,56,53,591.00,"31,323.00"
2026-05-20,1362,2026052005011141,SMH,83,34,11,597.80,"6,575.80"
2026-05-20,1363,2026052005011590,SMHL,42,33,200,503.00,"100,600.00"
2026-05-20,1364,2026052005011531,SMHL,4,33,232,503.00,"116,696.00"
2026-05-20,1365,2026052005011461,SMHL,4,41,14,503.00,"7,042.00"
2026-05-20,1366,2026052005011460,SMHL,4,48,30,502.60,"15,078.00"
2026-05-20,1367,2026052005011459,SMHL,4,58,224,502.00,"112,448.00"
2026-05-20,1368,2026052005011344,SMHL,4,58,41,502.00,"20,582.00"
2026-05-20,1369,2026052005011343,SMHL,34,58,270,502.10,"135,567.00"
2026-05-20,1370,2026052005011342,SMHL,34,58,68,502.60,"34,176.80"
2026-05-20,1371,2026052005011236,SMHL,34,22,11,502.60,"5,528.60"
2026-05-20,1372,2026052005011161,SMHL,34,29,11,502.60,"5,528.60"
2026-05-20,1373,2026052005011143,SMHL,6,49,80,502.60,"40,208.00"
2026-05-20,1374,2026052005011553,SMJC,48,62,110,488.90,"53,779.00"
2026-05-20,1375,2026052005011552,SMJC,48,34,100,488.80,"48,880.00"
2026-05-20,1376,2026052005011551,SMJC,48,43,100,488.50,"48,850.00"
2026-05-20,1377,2026052005011550,SMJC,48,29,10,488.00,"4,880.00"
2026-05-20,1378,2026052005011549,SMJC,48,6,10,488.00,"4,880.00"
2026-05-20,1379,2026052005011548,SMJC,48,42,10,488.00,"4,880.00"
2026-05-20,1380,2026052005011327,SMJC,58,99,200,487.10,"97,420.00"
2026-05-20,1381,2026052005011283,SMJC,64,48,"3,800",487.00,"1,850,600.00"
2026-05-20,1382,2026052005011282,SMJC,64,14,505,486.10,"245,480.50"
2026-05-20,1383,2026052005011243,SMJC,57,14,67,486.10,"32,568.70"
2026-05-20,1384,2026052005011235,SMJC,58,56,52,486.00,"25,272.00"
2026-05-20,1385,2026052005011211,SMJC,58,42,100,486.00,"48,600.00"
2026-05-20,1386,2026052005011347,SMJC,58,45,100,488.00,"48,800.00"
2026-05-20,1387,2026052005011346,SMJC,58,38,10,488.00,"4,880.00"
2026-05-20,1388,2026052005011345,SMJC,58,42,50,488.00,"24,400.00"
2026-05-20,1389,2026052005011330,SMJC,58,32,500,487.70,"243,850.00"
2026-05-20,1390,2026052005011329,SMJC,58,45,100,487.60,"48,760.00"
2026-05-20,1391,2026052005011328,SMJC,58,57,100,487.50,"48,750.00"
2026-05-20,1392,2026052005011547,SMJC,48,14,160,488.00,"78,080.00"
2026-05-20,1393,2026052005011526,SMJC,64,29,20,487.00,"9,740.00"
2026-05-20,1394,2026052005011480,SMJC,64,57,10,487.00,"4,870.00"
2026-05-20,1395,2026052005011468,SMJC,64,65,100,487.00,"48,700.00"
2026-05-20,1396,2026052005011349,SMJC,58,14,340,488.00,"165,920.00"
2026-05-20,1397,2026052005011348,SMJC,58,48,500,488.00,"244,000.00"
2026-05-20,1398,2026052005011554,SONA,58,69,200,450.30,"90,060.00"
2026-05-20,1399,2026052005011295,SONA,90,90,500,450.50,"225,250.00"
2026-05-20,1400,2026052005011252,SONA,90,90,500,450.50,"225,250.00"
2026-05-20,1401,2026052005011163,SONA,58,58,10,450.30,"4,503.00"
2026-05-20,1402,2026052005011433,SPC,34,56,10,456.00,"4,560.00"
2026-05-20,1403,2026052005011277,SPC,17,52,10,459.00,"4,590.00"
2026-05-20,1404,2026052005011276,SPC,17,45,100,458.00,"45,800.00"
2026-05-20,1405,2026052005011275,SPC,17,56,10,458.00,"4,580.00"
2026-05-20,1406,2026052005011179,SPC,34,50,50,456.00,"22,800.00"
2026-05-20,1407,2026052005011139,SPC,34,26,10,456.00,"4,560.00"
2026-05-20,1408,2026052005011507,SPHL,32,81,10,509.60,"5,096.00"
2026-05-20,1409,2026052005011137,STC,21,56,30,"5,911.00","177,330.00"
2026-05-20,1410,2026052005011544,TAMOR,82,47,610,453.70,"276,757.00"
2026-05-20,1411,2026052005011543,TAMOR,82,81,"1,005",453.70,"455,968.50"
2026-05-20,1412,2026052005011542,TAMOR,82,59,85,453.60,"38,556.00"
2026-05-20,1413,2026052005011536,TAMOR,34,59,65,453.60,"29,484.00"
2026-05-20,1414,2026052005011535,TAMOR,34,32,25,453.50,"11,337.50"
2026-05-20,1415,2026052005011497,TAMOR,82,14,10,453.00,"4,530.00"
2026-05-20,1416,2026052005011264,TAMOR,35,80,200,452.00,"90,400.00"
2026-05-20,1417,2026052005011263,TAMOR,35,83,10,452.00,"4,520.00"
2026-05-20,1418,2026052005011262,TAMOR,35,43,55,451.90,"24,854.50"
2026-05-20,1419,2026052005011203,TAMOR,29,41,10,451.00,"4,510.00"
2026-05-20,1420,2026052005011384,TAMOR,35,81,835,452.00,"377,420.00"
2026-05-20,1421,2026052005011383,TAMOR,35,34,200,452.00,"90,400.00"
2026-05-20,1422,2026052005011332,TAMOR,35,58,50,452.00,"22,600.00"
2026-05-20,1423,2026052005011267,TAMOR,35,56,630,452.00,"284,760.00"
2026-05-20,1424,2026052005011266,TAMOR,35,38,10,452.00,"4,520.00"
2026-05-20,1425,2026052005011265,TAMOR,35,42,10,452.00,"4,520.00"
2026-05-20,1426,2026052005011490,TAMOR,82,90,25,452.80,"11,320.00"
2026-05-20,1427,2026052005011489,TAMOR,82,36,50,452.50,"22,625.00"
2026-05-20,1428,2026052005011488,TAMOR,82,49,10,452.40,"4,524.00"
2026-05-20,1429,2026052005011487,TAMOR,82,81,235,452.00,"106,220.00"
2026-05-20,1430,2026052005011439,TAMOR,63,81,500,452.00,"226,000.00"
2026-05-20,1431,2026052005011385,TAMOR,4,81,430,452.00,"194,360.00"
2026-05-20,1432,2026052005011496,TAMOR,82,26,10,453.00,"4,530.00"
2026-05-20,1433,2026052005011495,TAMOR,82,19,50,453.00,"22,650.00"
2026-05-20,1434,2026052005011494,TAMOR,82,39,50,453.00,"22,650.00"
2026-05-20,1435,2026052005011493,TAMOR,82,34,140,453.00,"63,420.00"
2026-05-20,1436,2026052005011492,TAMOR,82,36,10,452.90,"4,529.00"
2026-05-20,1437,2026052005011491,TAMOR,82,72,100,452.90,"45,290.00"
2026-05-20,1438,2026052005011559,TPC,58,22,150,381.00,"57,150.00"
2026-05-20,1439,2026052005011558,TPC,58,14,100,381.00,"38,100.00"
2026-05-20,1440,2026052005011417,TPC,45,36,55,380.00,"20,900.00"
2026-05-20,1441,2026052005011416,TPC,42,36,130,380.00,"49,400.00"
2026-05-20,1442,2026052005011415,TPC,59,36,480,380.00,"182,400.00"
2026-05-20,1443,2026052005011172,TPC,49,32,20,380.00,"7,600.00"
2026-05-20,1444,2026052005011171,TPC,49,48,40,380.00,"15,200.00"
2026-05-20,1445,2026052005011144,TPC,45,48,100,380.00,"38,000.00"
2026-05-20,1446,2026052005011414,TPC,53,36,200,380.00,"76,000.00"
2026-05-20,1447,2026052005011413,TPC,49,36,85,380.00,"32,300.00"
2026-05-20,1448,2026052005011412,TPC,4,36,50,380.20,"19,010.00"
2026-05-20,1449,2026052005011175,TPC,49,57,15,380.00,"5,700.00"
2026-05-20,1450,2026052005011174,TPC,49,48,100,380.00,"38,000.00"
2026-05-20,1451,2026052005011173,TPC,49,3,40,380.00,"15,200.00"
2026-05-20,1452,2026052005011222,TVCL,26,57,30,513.80,"15,414.00"
2026-05-20,1453,2026052005011326,UHEWA,22,19,11,583.70,"6,420.70"
2026-05-20,1454,2026052005011325,UHEWA,22,39,200,583.70,"116,740.00"
2026-05-20,1455,2026052005011373,ULHC,58,45,335,487.00,"163,145.00"
2026-05-20,1456,2026052005011372,ULHC,58,45,12,487.30,"5,847.60"
2026-05-20,1457,2026052005011371,ULHC,49,45,10,487.30,"4,873.00"
2026-05-20,1458,2026052005011370,ULHC,35,45,10,487.50,"4,875.00"
2026-05-20,1459,2026052005011369,ULHC,45,45,100,487.50,"48,750.00"
2026-05-20,1460,2026052005011368,ULHC,14,45,110,487.50,"53,625.00"
2026-05-20,1461,2026052005011148,ULHC,81,58,40,488.00,"19,520.00"
2026-05-20,1462,2026052005011367,ULHC,58,45,25,487.50,"12,187.50"
2026-05-20,1463,2026052005011366,ULHC,4,45,207,487.70,"100,953.90"
2026-05-20,1464,2026052005011365,ULHC,48,45,72,487.70,"35,114.40"
2026-05-20,1465,2026052005011364,ULHC,35,45,62,487.80,"30,243.60"
2026-05-20,1466,2026052005011363,ULHC,22,45,57,487.80,"27,804.60"
2026-05-20,1467,2026052005011338,ULHC,34,58,100,488.00,"48,800.00"
2026-05-20,1468,2026052005011482,USHEC,4,58,132,505.00,"66,660.00"
2026-05-20,1469,2026052005011334,USHEC,4,59,300,505.00,"151,500.00"
2026-05-20,1470,2026052005011260,USHEC,4,52,20,505.00,"10,100.00"
2026-05-20,1471,2026052005011259,USHEC,4,35,500,505.00,"252,500.00"
2026-05-20,1472,2026052005011258,USHEC,4,58,10,505.00,"5,050.00"
2026-05-20,1473,2026052005011257,USHEC,4,14,118,505.00,"59,590.00"
2026-05-20,1474,2026052005011256,USHEC,4,58,10,505.00,"5,050.00"
2026-05-20,1475,2026052005011255,USHEC,4,58,100,504.90,"50,490.00"
2026-05-20,1476,2026052005011254,USHEC,4,47,300,504.70,"151,410.00"
2026-05-20,1477,2026052005011246,USHEC,17,81,10,502.00,"5,020.00"
2026-05-20,1478,2026052005011511,USHL,38,63,10,644.00,"6,440.00"
2026-05-20,1479,2026052005011129,USHL,59,34,420,635.50,"266,910.00"
2026-05-20,1480,2026052005011128,USHL,59,17,200,635.40,"127,080.00"
2026-05-20,1481,2026052005011127,USHL,59,57,100,635.40,"63,540.00"
2026-05-20,1482,2026052005011126,USHL,59,41,100,635.00,"63,500.00"
2026-05-20,1483,2026052005011125,USHL,59,58,200,635.00,"127,000.00"
2026-05-20,1484,2026052005011112,USHL,59,13,10,618.00,"6,180.00"
2026-05-20,1485,2026052005011111,USHL,59,41,60,617.50,"37,050.00"
2026-05-20,1486,2026052005011110,USHL,59,16,68,617.00,"41,956.00"
2026-05-20,1487,2026052005011109,USHL,59,39,100,616.00,"61,600.00"
2026-05-20,1488,2026052005011118,USHL,59,19,100,628.00,"62,800.00"
2026-05-20,1489,2026052005011117,USHL,59,3,10,625.00,"6,250.00"
2026-05-20,1490,2026052005011116,USHL,59,51,10,625.00,"6,250.00"
2026-05-20,1491,2026052005011115,USHL,59,29,50,624.00,"31,200.00"
2026-05-20,1492,2026052005011114,USHL,59,45,10,620.00,"6,200.00"
2026-05-20,1493,2026052005011113,USHL,59,45,50,620.00,"31,000.00"
2026-05-20,1494,2026052005011124,USHL,59,18,69,631.30,"43,559.70"
2026-05-20,1495,2026052005011123,USHL,59,42,55,630.00,"34,650.00"
2026-05-20,1496,2026052005011122,USHL,59,34,51,630.00,"32,130.00"
2026-05-20,1497,2026052005011121,USHL,59,29,50,630.00,"31,500.00"
2026-05-20,1498,2026052005011120,USHL,59,59,100,630.00,"63,000.00"
2026-05-20,1499,2026052005011119,USHL,59,58,200,629.00,"125,800.00"
2026-05-20,1500,2026052005011333,VLUCL,21,35,150,500.00,"75,000.00"
2026-05-20,1501,2026052005011099,AHL,90,45,10,503.80,"5,038.00"
2026-05-20,1502,2026052005011067,AHL,42,45,50,503.80,"25,190.00"
2026-05-20,1503,2026052005010910,BEDC,58,58,29,372.10,"10,790.90"
2026-05-20,1504,2026052005010609,BEDC,46,16,60,374.00,"22,440.00"
2026-05-20,1505,2026052005010716,BEDC,34,35,50,373.90,"18,695.00"
2026-05-20,1506,2026052005010691,BEDC,46,35,10,373.90,"3,739.00"
2026-05-20,1507,2026052005010644,BEDC,42,7,288,371.90,"107,107.20"
2026-05-20,1508,2026052005010643,BEDC,22,7,100,372.00,"37,200.00"
2026-05-20,1509,2026052005010642,BEDC,39,7,112,373.90,"41,876.80"
2026-05-20,1510,2026052005011047,BHDC,58,43,10,464.90,"4,649.00"
2026-05-20,1511,2026052005010950,BHDC,58,53,96,464.90,"44,630.40"
2026-05-20,1512,2026052005010838,BHDC,34,53,204,464.90,"94,839.60"
2026-05-20,1513,2026052005010819,BHDC,39,74,10,465.00,"4,650.00"
2026-05-20,1514,2026052005010805,BHDC,34,40,15,464.90,"6,973.50"
2026-05-20,1515,2026052005010804,BHDC,34,58,200,464.90,"92,980.00"
2026-05-20,1516,2026052005010803,BHDC,34,50,41,464.80,"19,056.80"
2026-05-20,1517,2026052005010755,BHDC,39,50,10,464.80,"4,648.00"
2026-05-20,1518,2026052005011046,BHL,8,49,169,227.00,"38,363.00"
2026-05-20,1519,2026052005011045,BHL,8,58,10,227.00,"2,270.00"
