date,sn,contract_no,stock_symbol,buyer,seller,quantity,rate,amount
2026-05-14,1,2026051405015240,AHL,56,74,968,510.00,"493,680.00"
2026-05-14,2,2026051405015239,AHL,25,74,32,510.00,"16,320.00"
2026-05-14,3,2026051405015145,BBC,62,58,10,"4,813.60","48,136.00"
2026-05-14,4,2026051405015601,BEDC,39,18,10,361.90,"3,619.00"
2026-05-14,5,2026051405015359,BEDC,26,49,30,359.20,"10,776.00"
2026-05-14,6,2026051405015358,BEDC,42,49,10,359.20,"3,592.00"
2026-05-14,7,2026051405015429,BEDC,45,25,56,359.00,"20,104.00"
2026-05-14,8,2026051405015428,BEDC,45,25,58,359.00,"20,822.00"
2026-05-14,9,2026051405015360,BEDC,45,49,161,359.00,"57,799.00"
2026-05-14,10,2026051405015511,BGWT,47,22,10,679.00,"6,790.00"
2026-05-14,11,2026051405015226,BGWT,47,58,91,667.00,"60,697.00"
2026-05-14,12,2026051405015186,BGWT,47,58,31,667.90,"20,704.90"
2026-05-14,13,2026051405015152,BGWT,47,22,91,667.00,"60,697.00"
2026-05-14,14,2026051405015123,BGWT,47,74,91,667.00,"60,697.00"
2026-05-14,15,2026051405015349,BGWT,47,6,10,672.00,"6,720.00"
2026-05-14,16,2026051405015348,BGWT,47,32,16,670.60,"10,729.60"
2026-05-14,17,2026051405015347,BGWT,47,57,200,670.00,"134,000.00"
2026-05-14,18,2026051405015346,BGWT,47,57,80,670.00,"53,600.00"
2026-05-14,19,2026051405015345,BGWT,47,58,11,669.00,"7,359.00"
2026-05-14,20,2026051405015344,BGWT,47,57,50,668.90,"33,445.00"
2026-05-14,21,2026051405015354,BGWT,47,49,20,679.00,"13,580.00"
2026-05-14,22,2026051405015353,BGWT,47,43,20,675.00,"13,500.00"
2026-05-14,23,2026051405015352,BGWT,47,44,10,675.00,"6,750.00"
2026-05-14,24,2026051405015351,BGWT,47,8,71,675.00,"47,925.00"
2026-05-14,25,2026051405015350,BGWT,47,41,11,675.00,"7,425.00"
2026-05-14,26,2026051405015436,BHDC,89,84,81,456.00,"36,936.00"
2026-05-14,27,2026051405015435,BHDC,89,84,19,455.90,"8,662.10"
2026-05-14,28,2026051405015432,BHDC,8,84,10,455.90,"4,559.00"
2026-05-14,29,2026051405015318,BHDC,38,84,261,455.90,"118,989.90"
2026-05-14,30,2026051405015317,BHDC,38,42,39,455.50,"17,764.50"
2026-05-14,31,2026051405015274,BHDC,45,84,280,455.00,"127,400.00"
2026-05-14,32,2026051405015273,BHDC,58,84,100,455.10,"45,510.00"
2026-05-14,33,2026051405015272,BHDC,32,84,50,455.30,"22,765.00"
2026-05-14,34,2026051405015271,BHDC,58,84,50,455.30,"22,765.00"
2026-05-14,35,2026051405015270,BHDC,42,84,500,455.40,"227,700.00"
2026-05-14,36,2026051405015269,BHDC,38,84,20,455.40,"9,108.00"
2026-05-14,37,2026051405015195,BHDC,42,42,50,455.50,"22,775.00"
2026-05-14,38,2026051405015490,BHL,58,43,298,221.50,"66,007.00"
2026-05-14,39,2026051405015404,BHL,48,43,380,221.50,"84,170.00"
2026-05-14,40,2026051405015302,BHL,57,43,41,221.50,"9,081.50"
2026-05-14,41,2026051405015301,BHL,54,43,561,221.50,"124,261.50"
2026-05-14,42,2026051405015283,BHL,38,45,100,221.60,"22,160.00"
2026-05-14,43,2026051405015199,BHL,54,44,"1,800",221.50,"398,700.00"
2026-05-14,44,2026051405015480,BHPL,26,35,10,519.50,"5,195.00"
2026-05-14,45,2026051405015403,BHPL,26,54,10,519.00,"5,190.00"
2026-05-14,46,2026051405015321,BHPL,26,7,14,518.90,"7,264.60"
2026-05-14,47,2026051405015217,BNHC,59,10,10,323.00,"3,230.00"
2026-05-14,48,2026051405015431,CIT,45,52,2,"1,765.00","3,530.00"
2026-05-14,49,2026051405015304,CIT,6,56,1,"1,768.00","1,768.00"
2026-05-14,50,2026051405015154,CIT,8,5,21,"1,767.00","37,107.00"
2026-05-14,51,2026051405015153,CIT,8,42,16,"1,766.90","28,270.40"
2026-05-14,52,2026051405015293,CKHL,58,50,40,643.50,"25,740.00"
2026-05-14,53,2026051405015558,CLI,91,45,3,452.00,"1,356.00"
2026-05-14,54,2026051405015320,CLI,91,57,13,452.80,"5,886.40"
2026-05-14,55,2026051405015183,CLI,51,34,30,452.60,"13,578.00"
2026-05-14,56,2026051405015330,DOLTI,32,41,500,347.50,"173,750.00"
2026-05-14,57,2026051405015282,DOLTI,89,41,900,347.50,"312,750.00"
2026-05-14,58,2026051405015437,DORDI,42,45,30,271.00,"8,130.00"
2026-05-14,59,2026051405015396,DORDI,42,32,50,271.00,"13,550.00"
2026-05-14,60,2026051405015395,DORDI,53,32,80,271.00,"21,680.00"
2026-05-14,61,2026051405015394,DORDI,26,32,20,271.00,"5,420.00"
2026-05-14,62,2026051405015393,DORDI,58,32,300,271.00,"81,300.00"
2026-05-14,63,2026051405015179,DORDI,38,45,45,272.00,"12,240.00"
2026-05-14,64,2026051405015129,EHPL,36,45,200,379.00,"75,800.00"
2026-05-14,65,2026051405015128,EHPL,63,45,90,379.00,"34,110.00"
2026-05-14,66,2026051405015124,EHPL,63,74,41,379.00,"15,539.00"
2026-05-14,67,2026051405015295,ENL,13,44,20,880.00,"17,600.00"
2026-05-14,68,2026051405015514,GCIL,32,21,10,417.00,"4,170.00"
2026-05-14,69,2026051405015103,GCIL,74,17,10,416.00,"4,160.00"
2026-05-14,70,2026051405015362,GCIL,34,17,70,415.00,"29,050.00"
2026-05-14,71,2026051405015139,GVL,38,34,11,486.40,"5,350.40"
2026-05-14,72,2026051405015138,GVL,38,35,11,485.00,"5,335.00"
2026-05-14,73,2026051405015137,GVL,38,56,11,484.00,"5,324.00"
2026-05-14,74,2026051405015294,HATHY,58,67,50,799.00,"39,950.00"
2026-05-14,75,2026051405015507,HDL,53,36,10,"1,157.00","11,570.00"
2026-05-14,76,2026051405015392,HDL,32,36,10,"1,157.00","11,570.00"
2026-05-14,77,2026051405015158,HDL,62,36,25,"1,157.00","28,925.00"
2026-05-14,78,2026051405015127,HDL,49,36,10,"1,157.00","11,570.00"
2026-05-14,79,2026051405015314,HDL,58,90,30,"1,155.00","34,650.00"
2026-05-14,80,2026051405015313,HDL,3,90,20,"1,155.00","23,100.00"
2026-05-14,81,2026051405015281,HDL,36,42,50,"1,156.00","57,800.00"
2026-05-14,82,2026051405015512,HHL,38,62,10,372.00,"3,720.00"
2026-05-14,83,2026051405015510,HHL,44,62,10,372.00,"3,720.00"
2026-05-14,84,2026051405015506,HHL,58,64,90,368.00,"33,120.00"
2026-05-14,85,2026051405015505,HHL,58,64,60,368.00,"22,080.00"
2026-05-14,86,2026051405015504,HHL,35,64,10,368.00,"3,680.00"
2026-05-14,87,2026051405015228,HHL,1,29,150,368.00,"55,200.00"
2026-05-14,88,2026051405015503,HHL,1,64,20,368.00,"7,360.00"
2026-05-14,89,2026051405015492,HIDCL,62,57,160,267.30,"42,768.00"
2026-05-14,90,2026051405015491,HIDCL,35,57,740,267.40,"197,876.00"
2026-05-14,91,2026051405015487,HIDCL,57,38,116,268.00,"31,088.00"
2026-05-14,92,2026051405015486,HIDCL,57,32,94,268.00,"25,192.00"
2026-05-14,93,2026051405015442,HIDCL,35,1,260,267.40,"69,524.00"
2026-05-14,94,2026051405015441,HIDCL,34,1,10,267.50,"2,675.00"
2026-05-14,95,2026051405015440,HIDCL,77,1,100,267.70,"26,770.00"
2026-05-14,96,2026051405015140,HIDCL,34,32,10,268.70,"2,687.00"
2026-05-14,97,2026051405015599,HRL,25,22,176,626.00,"110,176.00"
2026-05-14,98,2026051405015598,HRL,41,22,100,626.10,"62,610.00"
2026-05-14,99,2026051405015597,HRL,25,22,100,626.10,"62,610.00"
2026-05-14,100,2026051405015596,HRL,14,22,200,626.10,"125,220.00"
2026-05-14,101,2026051405015595,HRL,25,22,24,626.10,"15,026.40"
2026-05-14,102,2026051405015594,HRL,22,22,100,626.20,"62,620.00"
2026-05-14,103,2026051405015102,HRL,4,94,158,628.00,"99,224.00"
2026-05-14,104,2026051405015110,HRL,45,67,100,627.50,"62,750.00"
2026-05-14,105,2026051405015109,HRL,22,67,100,627.60,"62,760.00"
2026-05-14,106,2026051405015108,HRL,89,67,100,627.70,"62,770.00"
2026-05-14,107,2026051405015107,HRL,6,67,20,627.80,"12,556.00"
2026-05-14,108,2026051405015106,HRL,34,67,500,627.90,"313,950.00"
2026-05-14,109,2026051405015105,HRL,48,67,200,627.90,"125,580.00"
2026-05-14,110,2026051405015116,HRL,41,67,100,627.10,"62,710.00"
2026-05-14,111,2026051405015115,HRL,42,67,10,627.30,"6,273.00"
2026-05-14,112,2026051405015114,HRL,89,67,100,627.40,"62,740.00"
2026-05-14,113,2026051405015113,HRL,49,67,100,627.50,"62,750.00"
2026-05-14,114,2026051405015112,HRL,52,67,318,627.50,"199,545.00"
2026-05-14,115,2026051405015111,HRL,28,67,100,627.50,"62,750.00"
2026-05-14,116,2026051405015144,HRL,42,94,10,628.00,"6,280.00"
2026-05-14,117,2026051405015143,HRL,42,94,80,628.00,"50,240.00"
2026-05-14,118,2026051405015130,HRL,8,94,20,628.00,"12,560.00"
2026-05-14,119,2026051405015120,HRL,42,94,200,628.00,"125,600.00"
2026-05-14,120,2026051405015118,HRL,51,67,142,627.00,"89,034.00"
2026-05-14,121,2026051405015117,HRL,39,67,200,627.00,"125,400.00"
2026-05-14,122,2026051405015164,HRL,51,58,58,627.00,"36,366.00"
2026-05-14,123,2026051405015163,HRL,7,58,50,627.90,"31,395.00"
2026-05-14,124,2026051405015157,HRL,13,94,100,628.00,"62,800.00"
2026-05-14,125,2026051405015155,HRL,65,94,300,628.00,"188,400.00"
2026-05-14,126,2026051405015148,HRL,49,94,23,628.00,"14,444.00"
2026-05-14,127,2026051405015147,HRL,17,94,100,628.00,"62,800.00"
2026-05-14,128,2026051405015173,HRL,25,26,100,628.00,"62,800.00"
2026-05-14,129,2026051405015172,HRL,25,34,99,628.00,"62,172.00"
2026-05-14,130,2026051405015171,HRL,25,94,"1,078",628.00,"676,984.00"
2026-05-14,131,2026051405015167,HRL,59,94,205,628.00,"128,740.00"
2026-05-14,132,2026051405015166,HRL,58,58,27,627.00,"16,929.00"
2026-05-14,133,2026051405015165,HRL,49,58,15,627.00,"9,405.00"
2026-05-14,134,2026051405015206,HRL,25,52,10,628.00,"6,280.00"
2026-05-14,135,2026051405015203,HRL,25,57,600,628.00,"376,800.00"
2026-05-14,136,2026051405015182,HRL,25,4,100,628.00,"62,800.00"
2026-05-14,137,2026051405015181,HRL,34,66,100,628.10,"62,810.00"
2026-05-14,138,2026051405015180,HRL,25,52,300,628.00,"188,400.00"
2026-05-14,139,2026051405015177,HRL,25,22,30,628.00,"18,840.00"
2026-05-14,140,2026051405015223,HRL,42,57,10,627.90,"6,279.00"
2026-05-14,141,2026051405015219,HRL,56,50,15,628.00,"9,420.00"
2026-05-14,142,2026051405015210,HRL,57,50,20,628.00,"12,560.00"
2026-05-14,143,2026051405015209,HRL,49,50,158,628.00,"99,224.00"
2026-05-14,144,2026051405015208,HRL,42,50,10,628.00,"6,280.00"
2026-05-14,145,2026051405015207,HRL,25,50,283,628.00,"177,724.00"
2026-05-14,146,2026051405015249,HRL,17,56,300,628.00,"188,400.00"
2026-05-14,147,2026051405015246,HRL,58,56,85,628.00,"53,380.00"
2026-05-14,148,2026051405015238,HRL,48,56,200,628.00,"125,600.00"
2026-05-14,149,2026051405015225,HRL,42,49,226,628.00,"141,928.00"
2026-05-14,150,2026051405015224,HRL,42,50,514,628.00,"322,792.00"
2026-05-14,151,2026051405015277,HRL,42,56,100,628.00,"62,800.00"
2026-05-14,152,2026051405015275,HRL,42,56,100,628.00,"62,800.00"
2026-05-14,153,2026051405015256,HRL,36,57,54,627.50,"33,885.00"
2026-05-14,154,2026051405015251,HRL,17,56,100,628.00,"62,800.00"
2026-05-14,155,2026051405015250,HRL,41,56,50,628.00,"31,400.00"
2026-05-14,156,2026051405015309,HRL,1,59,32,628.00,"20,096.00"
2026-05-14,157,2026051405015308,HRL,1,57,42,628.00,"26,376.00"
2026-05-14,158,2026051405015307,HRL,1,56,200,628.00,"125,600.00"
2026-05-14,159,2026051405015306,HRL,19,56,800,628.00,"502,400.00"
2026-05-14,160,2026051405015305,HRL,58,56,50,628.00,"31,400.00"
2026-05-14,161,2026051405015287,HRL,22,56,15,628.00,"9,420.00"
2026-05-14,162,2026051405015361,HRL,52,6,60,627.80,"37,668.00"
2026-05-14,163,2026051405015323,HRL,45,32,10,628.00,"6,280.00"
2026-05-14,164,2026051405015316,HRL,58,34,29,628.00,"18,212.00"
2026-05-14,165,2026051405015312,HRL,62,34,50,628.00,"31,400.00"
2026-05-14,166,2026051405015311,HRL,58,34,15,628.00,"9,420.00"
2026-05-14,167,2026051405015310,HRL,1,34,26,628.00,"16,328.00"
2026-05-14,168,2026051405015375,HRL,70,101,106,627.50,"66,515.00"
2026-05-14,169,2026051405015371,HRL,70,41,94,627.50,"58,985.00"
2026-05-14,170,2026051405015370,HRL,36,41,46,627.50,"28,865.00"
2026-05-14,171,2026051405015369,HRL,52,41,140,627.80,"87,892.00"
2026-05-14,172,2026051405015381,HRL,74,101,94,627.10,"58,947.40"
2026-05-14,173,2026051405015380,HRL,35,101,50,627.10,"31,355.00"
2026-05-14,174,2026051405015379,HRL,39,101,500,627.20,"313,600.00"
2026-05-14,175,2026051405015378,HRL,49,101,50,627.20,"31,360.00"
2026-05-14,176,2026051405015377,HRL,22,101,100,627.30,"62,730.00"
2026-05-14,177,2026051405015376,HRL,50,101,100,627.30,"62,730.00"
2026-05-14,178,2026051405015410,HRL,14,32,122,628.00,"76,616.00"
2026-05-14,179,2026051405015409,HRL,14,57,70,627.90,"43,953.00"
2026-05-14,180,2026051405015408,HRL,14,38,195,627.80,"122,421.00"
2026-05-14,181,2026051405015398,HRL,86,38,25,627.80,"15,695.00"
2026-05-14,182,2026051405015382,HRL,58,57,30,627.90,"18,837.00"
2026-05-14,183,2026051405015420,HRL,19,58,10,627.50,"6,275.00"
2026-05-14,184,2026051405015419,HRL,25,42,142,628.00,"89,176.00"
2026-05-14,185,2026051405015418,HRL,25,77,11,628.00,"6,908.00"
2026-05-14,186,2026051405015417,HRL,25,58,215,628.00,"135,020.00"
2026-05-14,187,2026051405015416,HRL,25,42,32,628.00,"20,096.00"
2026-05-14,188,2026051405015411,HRL,14,21,105,628.00,"65,940.00"
2026-05-14,189,2026051405015443,HRL,83,7,10,628.00,"6,280.00"
2026-05-14,190,2026051405015438,HRL,14,34,247,628.00,"155,116.00"
2026-05-14,191,2026051405015425,HRL,14,42,42,628.00,"26,376.00"
2026-05-14,192,2026051405015424,HRL,14,58,11,627.50,"6,902.50"
2026-05-14,193,2026051405015421,HRL,22,58,30,627.10,"18,813.00"
2026-05-14,194,2026051405015454,HRL,19,48,10,627.00,"6,270.00"
2026-05-14,195,2026051405015453,HRL,58,48,205,627.00,"128,535.00"
2026-05-14,196,2026051405015452,HRL,6,48,46,627.10,"28,846.60"
2026-05-14,197,2026051405015451,HRL,49,48,10,627.10,"6,271.00"
2026-05-14,198,2026051405015450,HRL,22,48,370,627.10,"232,027.00"
2026-05-14,199,2026051405015449,HRL,45,48,10,627.20,"6,272.00"
2026-05-14,200,2026051405015460,HRL,57,48,10,627.00,"6,270.00"
2026-05-14,201,2026051405015459,HRL,65,48,10,627.00,"6,270.00"
2026-05-14,202,2026051405015458,HRL,58,48,35,627.00,"21,945.00"
2026-05-14,203,2026051405015457,HRL,21,48,275,627.00,"172,425.00"
2026-05-14,204,2026051405015456,HRL,36,48,20,627.00,"12,540.00"
2026-05-14,205,2026051405015455,HRL,34,48,"1,000",627.00,"627,000.00"
2026-05-14,206,2026051405015466,HRL,21,48,"2,000",627.00,"1,254,000.00"
2026-05-14,207,2026051405015465,HRL,57,48,100,627.00,"62,700.00"
2026-05-14,208,2026051405015464,HRL,90,48,300,627.00,"188,100.00"
2026-05-14,209,2026051405015463,HRL,47,48,119,627.00,"74,613.00"
2026-05-14,210,2026051405015462,HRL,68,48,10,627.00,"6,270.00"
2026-05-14,211,2026051405015461,HRL,57,48,10,627.00,"6,270.00"
2026-05-14,212,2026051405015498,HRL,84,74,250,628.00,"157,000.00"
2026-05-14,213,2026051405015485,HRL,35,66,65,628.10,"40,826.50"
2026-05-14,214,2026051405015484,HRL,35,7,35,628.00,"21,980.00"
2026-05-14,215,2026051405015469,HRL,57,48,95,627.00,"59,565.00"
2026-05-14,216,2026051405015468,HRL,58,48,40,627.00,"25,080.00"
2026-05-14,217,2026051405015467,HRL,8,48,25,627.00,"15,675.00"
2026-05-14,218,2026051405015516,HRL,56,46,32,628.90,"20,124.80"
2026-05-14,219,2026051405015515,HRL,56,46,32,628.90,"20,124.80"
2026-05-14,220,2026051405015502,HRL,45,74,80,627.00,"50,160.00"
2026-05-14,221,2026051405015501,HRL,32,74,50,627.00,"31,350.00"
2026-05-14,222,2026051405015500,HRL,53,74,20,627.10,"12,542.00"
2026-05-14,223,2026051405015499,HRL,45,74,100,627.90,"62,790.00"
2026-05-14,224,2026051405015522,HRL,45,36,215,627.00,"134,805.00"
2026-05-14,225,2026051405015521,HRL,37,36,50,627.10,"31,355.00"
2026-05-14,226,2026051405015520,HRL,57,36,40,628.00,"25,120.00"
2026-05-14,227,2026051405015519,HRL,57,34,60,628.00,"37,680.00"
2026-05-14,228,2026051405015517,HRL,56,29,86,628.90,"54,085.40"
2026-05-14,229,2026051405015538,HRL,41,48,240,627.00,"150,480.00"
2026-05-14,230,2026051405015537,HRL,7,48,10,627.00,"6,270.00"
2026-05-14,231,2026051405015536,HRL,42,48,10,627.00,"6,270.00"
2026-05-14,232,2026051405015535,HRL,8,48,12,627.00,"7,524.00"
2026-05-14,233,2026051405015534,HRL,16,48,50,627.00,"31,350.00"
2026-05-14,234,2026051405015533,HRL,45,48,200,627.20,"125,440.00"
2026-05-14,235,2026051405015544,HRL,38,48,100,627.00,"62,700.00"
2026-05-14,236,2026051405015543,HRL,38,48,200,627.00,"125,400.00"
2026-05-14,237,2026051405015542,HRL,34,48,10,627.00,"6,270.00"
2026-05-14,238,2026051405015541,HRL,21,48,500,627.00,"313,500.00"
2026-05-14,239,2026051405015540,HRL,45,48,16,627.00,"10,032.00"
2026-05-14,240,2026051405015539,HRL,58,48,200,627.00,"125,400.00"
2026-05-14,241,2026051405015550,HRL,35,48,60,627.00,"37,620.00"
2026-05-14,242,2026051405015549,HRL,17,48,95,627.00,"59,565.00"
2026-05-14,243,2026051405015548,HRL,33,48,180,627.00,"112,860.00"
2026-05-14,244,2026051405015547,HRL,21,48,20,627.00,"12,540.00"
2026-05-14,245,2026051405015546,HRL,49,48,100,627.00,"62,700.00"
2026-05-14,246,2026051405015545,HRL,38,48,315,627.00,"197,505.00"
2026-05-14,247,2026051405015556,HRL,42,48,80,626.50,"50,120.00"
2026-05-14,248,2026051405015555,HRL,49,48,100,626.60,"62,660.00"
2026-05-14,249,2026051405015554,HRL,36,48,313,627.00,"196,251.00"
2026-05-14,250,2026051405015553,HRL,49,48,20,627.00,"12,540.00"
2026-05-14,251,2026051405015552,HRL,19,48,50,627.00,"31,350.00"
2026-05-14,252,2026051405015551,HRL,39,48,100,627.00,"62,700.00"
2026-05-14,253,2026051405015593,HRL,49,22,50,626.50,"31,325.00"
2026-05-14,254,2026051405015592,HRL,62,22,200,626.50,"125,300.00"
2026-05-14,255,2026051405015591,HRL,42,22,40,626.50,"25,060.00"
2026-05-14,256,2026051405015590,HRL,41,22,10,627.00,"6,270.00"
2026-05-14,257,2026051405015561,HRL,34,29,10,628.90,"6,289.00"
2026-05-14,258,2026051405015557,HRL,42,48,19,626.50,"11,903.50"
2026-05-14,259,2026051405015569,IHL,42,35,10,396.00,"3,960.00"
2026-05-14,260,2026051405015445,IHL,58,35,90,396.00,"35,640.00"
2026-05-14,261,2026051405015444,IHL,58,59,10,395.10,"3,951.00"
2026-05-14,262,2026051405015434,IHL,49,41,200,395.00,"79,000.00"
2026-05-14,263,2026051405015433,IHL,45,41,50,395.00,"19,750.00"
2026-05-14,264,2026051405015365,IHL,57,59,50,395.10,"19,755.00"
2026-05-14,265,2026051405015201,IHL,42,35,100,396.00,"39,600.00"
2026-05-14,266,2026051405015200,IHL,42,59,100,395.90,"39,590.00"
2026-05-14,267,2026051405015570,ILI,25,59,125,434.90,"54,362.50"
2026-05-14,268,2026051405015397,ILI,57,67,60,433.80,"26,028.00"
2026-05-14,269,2026051405015258,ILI,42,58,2,435.00,870.00
2026-05-14,270,2026051405015257,ILI,42,45,12,435.00,"5,220.00"
2026-05-14,271,2026051405015202,ILI,74,21,10,434.80,"4,348.00"
2026-05-14,272,2026051405015198,ILI,4,58,2,434.80,869.60
2026-05-14,273,2026051405015197,ILI,4,57,12,434.80,"5,217.60"
2026-05-14,274,2026051405015178,MAKAR,17,11,100,491.00,"49,100.00"
2026-05-14,275,2026051405015401,MBJC,16,35,10,282.20,"2,822.00"
2026-05-14,276,2026051405015391,MBJC,16,34,"1,160",282.20,"327,352.00"
2026-05-14,277,2026051405015390,MBJC,49,34,50,282.50,"14,125.00"
2026-05-14,278,2026051405015389,MBJC,16,34,113,282.50,"31,922.50"
2026-05-14,279,2026051405015388,MBJC,42,34,77,282.50,"21,752.50"
2026-05-14,280,2026051405015329,MBJC,42,38,10,282.50,"2,825.00"
2026-05-14,281,2026051405015279,MBJC,42,49,113,282.50,"31,922.50"
2026-05-14,282,2026051405015236,MBJC,16,56,50,282.20,"14,110.00"
2026-05-14,283,2026051405015564,MCHL,90,64,10,312.00,"3,120.00"
2026-05-14,284,2026051405015188,MCHL,32,96,700,310.00,"217,000.00"
2026-05-14,285,2026051405015237,MEL,52,25,10,228.10,"2,281.00"
2026-05-14,286,2026051405015268,MEL,22,25,70,228.10,"15,967.00"
2026-05-14,287,2026051405015364,MEL,50,45,500,228.10,"114,050.00"
2026-05-14,288,2026051405015363,MEL,50,25,420,228.10,"95,802.00"
2026-05-14,289,2026051405015405,MEL,50,41,70,228.10,"15,967.00"
2026-05-14,290,2026051405015430,MEL,50,53,10,228.10,"2,281.00"
2026-05-14,291,2026051405015518,MEL,32,57,10,226.10,"2,261.00"
2026-05-14,292,2026051405015227,MHCL,42,56,51,350.00,"17,850.00"
2026-05-14,293,2026051405015489,MHL,42,48,10,496.00,"4,960.00"
2026-05-14,294,2026051405015488,MHL,42,18,10,495.00,"4,950.00"
2026-05-14,295,2026051405015565,MKHC,42,36,62,318.00,"19,716.00"
2026-05-14,296,2026051405015328,MKHC,4,91,10,322.90,"3,229.00"
2026-05-14,297,2026051405015327,MKHC,4,19,200,322.00,"64,400.00"
2026-05-14,298,2026051405015326,MKHC,4,42,10,322.00,"3,220.00"
2026-05-14,299,2026051405015325,MKHC,4,8,100,321.00,"32,100.00"
2026-05-14,300,2026051405015324,MKHC,4,25,55,320.00,"17,600.00"
2026-05-14,301,2026051405015386,MKJC,49,34,60,485.80,"29,148.00"
2026-05-14,302,2026051405015385,MKJC,57,34,40,485.90,"19,436.00"
2026-05-14,303,2026051405015563,MMKJL,67,57,30,489.00,"14,670.00"
2026-05-14,304,2026051405015562,MMKJL,67,32,420,489.00,"205,380.00"
2026-05-14,305,2026051405015427,MMKJL,36,32,80,489.00,"39,120.00"
2026-05-14,306,2026051405015422,NBF3,48,26,"1,595",9.95,"15,870.25"
2026-05-14,307,2026051405015288,NBF3,48,42,225,9.95,"2,238.75"
2026-05-14,308,2026051405015119,NICSF,35,59,100,9.25,925.00
2026-05-14,309,2026051405015368,NIFRA,58,48,11,263.00,"2,893.00"
2026-05-14,310,2026051405015259,NIFRA,52,6,4,261.90,"1,047.60"
2026-05-14,311,2026051405015248,NIFRA,49,58,400,262.70,"105,080.00"
2026-05-14,312,2026051405015221,NIFRA,49,48,"2,982",263.00,"784,266.00"
2026-05-14,313,2026051405015220,NIFRA,49,45,18,262.80,"4,730.40"
2026-05-14,314,2026051405015194,NIFRA,49,36,185,262.70,"48,599.50"
2026-05-14,315,2026051405015122,NIFRA,57,45,36,262.80,"9,460.80"
2026-05-14,316,2026051405015121,NIFRA,57,48,75,263.00,"19,725.00"
2026-05-14,317,2026051405015579,NRIC,29,60,51,890.00,"45,390.00"
2026-05-14,318,2026051405015578,NRIC,39,60,10,890.00,"8,900.00"
2026-05-14,319,2026051405015577,NRIC,3,60,10,890.10,"8,901.00"
2026-05-14,320,2026051405015576,NRIC,3,60,30,890.10,"26,703.00"
2026-05-14,321,2026051405015575,NRIC,48,60,300,890.20,"267,060.00"
2026-05-14,322,2026051405015574,NRIC,48,60,100,891.00,"89,100.00"
2026-05-14,323,2026051405015315,NRIC,58,50,30,893.00,"26,790.00"
2026-05-14,324,2026051405015276,NRIC,58,50,10,893.00,"8,930.00"
2026-05-14,325,2026051405015184,NRIC,58,6,25,892.90,"22,322.50"
2026-05-14,326,2026051405015104,NRIC,42,72,74,892.00,"66,008.00"
2026-05-14,327,2026051405015495,NRIC,42,42,126,892.00,"112,392.00"
2026-05-14,328,2026051405015342,NRIC,34,50,20,893.00,"17,860.00"
2026-05-14,329,2026051405015573,NRIC,45,60,15,891.00,"13,365.00"
2026-05-14,330,2026051405015572,NRIC,17,60,50,892.00,"44,600.00"
2026-05-14,331,2026051405015571,NRIC,48,60,82,892.00,"73,144.00"
2026-05-14,332,2026051405015513,NRIC,48,41,134,892.00,"119,528.00"
2026-05-14,333,2026051405015497,NRIC,48,42,84,892.00,"74,928.00"
2026-05-14,334,2026051405015496,NRIC,16,42,10,892.00,"8,920.00"
2026-05-14,335,2026051405015400,NRM,43,42,47,375.10,"17,629.70"
2026-05-14,336,2026051405015399,NRM,28,42,50,375.10,"18,755.00"
2026-05-14,337,2026051405015292,NRM,41,57,36,375.00,"13,500.00"
2026-05-14,338,2026051405015291,NRM,43,57,100,375.00,"37,500.00"
2026-05-14,339,2026051405015290,NRM,13,57,50,375.50,"18,775.00"
2026-05-14,340,2026051405015260,NRM,8,57,40,377.00,"15,080.00"
2026-05-14,341,2026051405015205,NRM,8,57,370,377.00,"139,490.00"
2026-05-14,342,2026051405015204,NRM,8,17,30,377.00,"11,310.00"
2026-05-14,343,2026051405015509,NRN,58,34,10,"1,368.90","13,689.00"
2026-05-14,344,2026051405015402,NRN,75,36,10,"1,366.00","13,660.00"
2026-05-14,345,2026051405015367,NRN,75,16,15,"1,366.00","20,490.00"
2026-05-14,346,2026051405015174,NRN,34,50,165,"1,362.00","224,730.00"
2026-05-14,347,2026051405015162,NRN,34,57,15,"1,362.00","20,430.00"
2026-05-14,348,2026051405015150,NRN,34,57,100,"1,362.00","136,200.00"
2026-05-14,349,2026051405015142,NRN,34,64,10,"1,362.00","13,620.00"
2026-05-14,350,2026051405015255,NRN,36,25,100,"1,364.00","136,400.00"
2026-05-14,351,2026051405015254,NRN,36,50,72,"1,362.00","98,064.00"
2026-05-14,352,2026051405015216,NRN,56,50,108,"1,362.00","147,096.00"
2026-05-14,353,2026051405015187,NRN,56,50,92,"1,362.00","125,304.00"
2026-05-14,354,2026051405015176,NRN,101,50,10,"1,362.00","13,620.00"
2026-05-14,355,2026051405015175,NRN,4,50,33,"1,362.00","44,946.00"
2026-05-14,356,2026051405015366,NRN,75,32,"2,555","1,365.90","3,489,874.50"
2026-05-14,357,2026051405015300,NRN,59,6,65,"1,361.90","88,523.50"
2026-05-14,358,2026051405015289,NYADI,44,36,100,387.00,"38,700.00"
2026-05-14,359,2026051405015355,PHCL,22,67,100,306.10,"30,610.00"
2026-05-14,360,2026051405015191,PHCL,54,71,450,306.00,"137,700.00"
2026-05-14,361,2026051405015190,PHCL,84,71,950,306.00,"290,700.00"
2026-05-14,362,2026051405015189,PHCL,54,71,100,306.10,"30,610.00"
2026-05-14,363,2026051405015587,RAWA,6,11,10,603.00,"6,030.00"
2026-05-14,364,2026051405015586,RAWA,6,47,100,601.90,"60,190.00"
2026-05-14,365,2026051405015585,RAWA,6,11,100,601.70,"60,170.00"
2026-05-14,366,2026051405015584,RAWA,6,10,10,601.50,"6,015.00"
2026-05-14,367,2026051405015583,RAWA,6,10,10,601.00,"6,010.00"
2026-05-14,368,2026051405015357,RAWA,42,50,20,586.00,"11,720.00"
2026-05-14,369,2026051405015582,RAWA,6,10,10,600.00,"6,000.00"
2026-05-14,370,2026051405015581,RAWA,6,10,10,599.50,"5,995.00"
2026-05-14,371,2026051405015580,RAWA,6,42,10,599.00,"5,990.00"
2026-05-14,372,2026051405015568,RFPL,10,90,100,368.00,"36,800.00"
2026-05-14,373,2026051405015439,RFPL,45,74,93,369.00,"34,317.00"
2026-05-14,374,2026051405015407,RFPL,10,49,20,368.00,"7,360.00"
2026-05-14,375,2026051405015387,RFPL,10,38,40,368.00,"14,720.00"
2026-05-14,376,2026051405015267,RFPL,10,74,200,368.00,"73,600.00"
2026-05-14,377,2026051405015247,RHGCL,17,48,50,293.90,"14,695.00"
2026-05-14,378,2026051405015448,RMF1,57,43,"14,900",10.00,"149,000.00"
2026-05-14,379,2026051405015447,RMF1,57,49,"5,000",9.99,"49,950.00"
2026-05-14,380,2026051405015446,RMF1,57,49,100,9.90,990.00
2026-05-14,381,2026051405015343,SAHAS,42,49,15,667.00,"10,005.00"
2026-05-14,382,2026051405015341,SAHAS,41,13,80,667.90,"53,432.00"
2026-05-14,383,2026051405015299,SAHAS,85,13,20,667.90,"13,358.00"
2026-05-14,384,2026051405015298,SAHAS,85,47,50,667.90,"33,395.00"
2026-05-14,385,2026051405015297,SAHAS,85,45,130,667.80,"86,814.00"
2026-05-14,386,2026051405015266,SAHAS,42,45,130,667.00,"86,710.00"
2026-05-14,387,2026051405015146,SAHAS,57,41,242,667.00,"161,414.00"
2026-05-14,388,2026051405015265,SAHAS,57,45,308,667.00,"205,436.00"
2026-05-14,389,2026051405015264,SAHAS,58,45,500,667.10,"333,550.00"
2026-05-14,390,2026051405015263,SAHAS,17,45,30,667.10,"20,013.00"
2026-05-14,391,2026051405015185,SAHAS,7,45,40,667.80,"26,712.00"
2026-05-14,392,2026051405015170,SAHAS,58,45,30,667.80,"20,034.00"
2026-05-14,393,2026051405015160,SAHAS,57,50,15,667.00,"10,005.00"
2026-05-14,394,2026051405015567,SANVI,39,58,10,685.00,"6,850.00"
2026-05-14,395,2026051405015566,SANVI,39,4,10,675.00,"6,750.00"
2026-05-14,396,2026051405015426,SANVI,42,62,10,673.00,"6,730.00"
2026-05-14,397,2026051405015241,SFMF,4,6,"3,000",10.36,"31,080.00"
2026-05-14,398,2026051405015482,SGHC,62,16,150,360.70,"54,105.00"
2026-05-14,399,2026051405015412,SGHC,45,16,100,360.70,"36,070.00"
2026-05-14,400,2026051405015322,SGHC,16,16,83,360.70,"29,938.10"
2026-05-14,401,2026051405015262,SGHC,16,58,40,360.70,"14,428.00"
2026-05-14,402,2026051405015481,SHIVM,58,68,30,675.00,"20,250.00"
2026-05-14,403,2026051405015470,SHIVM,33,68,10,675.00,"6,750.00"
2026-05-14,404,2026051405015215,SHIVM,75,68,124,675.00,"83,700.00"
2026-05-14,405,2026051405015214,SHIVM,75,14,62,675.00,"41,850.00"
2026-05-14,406,2026051405015213,SHIVM,75,35,40,675.00,"27,000.00"
2026-05-14,407,2026051405015212,SHIVM,75,25,70,675.00,"47,250.00"
2026-05-14,408,2026051405015151,SHIVM,44,42,100,673.10,"67,310.00"
2026-05-14,409,2026051405015133,SHIVM,91,48,"1,200",674.00,"808,800.00"
2026-05-14,410,2026051405015261,SIKLES,34,34,290,576.30,"167,127.00"
2026-05-14,411,2026051405015149,SIKLES,42,34,16,577.00,"9,232.00"
2026-05-14,412,2026051405015559,SMATA,17,51,10,768.90,"7,689.00"
2026-05-14,413,2026051405015132,SMATA,44,51,200,763.10,"152,620.00"
2026-05-14,414,2026051405015131,SMATA,49,51,47,765.00,"35,955.00"
2026-05-14,415,2026051405015125,SMATA,49,51,130,768.90,"99,957.00"
2026-05-14,416,2026051405015560,SMH,83,33,10,579.00,"5,790.00"
2026-05-14,417,2026051405015340,SMH,74,33,10,575.00,"5,750.00"
2026-05-14,418,2026051405015222,SMH,49,33,80,579.00,"46,320.00"
2026-05-14,419,2026051405015156,SMH,49,49,20,578.00,"11,560.00"
2026-05-14,420,2026051405015508,SMHL,48,50,10,494.00,"4,940.00"
2026-05-14,421,2026051405015415,SMHL,39,58,482,489.50,"235,939.00"
2026-05-14,422,2026051405015235,SMHL,58,58,41,490.00,"20,090.00"
2026-05-14,423,2026051405015234,SMHL,45,58,25,490.00,"12,250.00"
2026-05-14,424,2026051405015233,SMHL,58,58,202,491.00,"99,182.00"
2026-05-14,425,2026051405015232,SMHL,58,58,100,491.00,"49,100.00"
2026-05-14,426,2026051405015231,SMHL,16,58,150,492.00,"73,800.00"
2026-05-14,427,2026051405015230,SMHL,38,50,100,494.00,"49,400.00"
2026-05-14,428,2026051405015229,SMHL,74,50,243,494.00,"120,042.00"
2026-05-14,429,2026051405015196,SMHL,74,90,50,494.00,"24,700.00"
2026-05-14,430,2026051405015168,SMHL,74,90,100,494.00,"49,400.00"
2026-05-14,431,2026051405015423,SMJC,58,35,"1,000",451.00,"451,000.00"
2026-05-14,432,2026051405015296,SMJC,58,35,"1,000",451.00,"451,000.00"
2026-05-14,433,2026051405015286,SMJC,58,52,"1,000",451.00,"451,000.00"
2026-05-14,434,2026051405015136,SMJC,43,34,10,452.00,"4,520.00"
2026-05-14,435,2026051405015135,SMJC,43,19,72,451.90,"32,536.80"
2026-05-14,436,2026051405015134,SMJC,43,44,10,451.80,"4,518.00"
2026-05-14,437,2026051405015523,SONA,10,38,10,440.40,"4,404.00"
2026-05-14,438,2026051405015192,SONA,10,45,10,440.40,"4,404.00"
2026-05-14,439,2026051405015319,SPC,48,44,10,463.90,"4,639.00"
2026-05-14,440,2026051405015589,SPL,35,56,10,718.00,"7,180.00"
2026-05-14,441,2026051405015528,STC,32,43,11,"5,970.00","65,670.00"
2026-05-14,442,2026051405015527,STC,32,59,10,"5,969.00","59,690.00"
2026-05-14,443,2026051405015526,STC,32,58,15,"5,968.00","89,520.00"
2026-05-14,444,2026051405015525,STC,32,52,10,"5,950.00","59,500.00"
2026-05-14,445,2026051405015524,STC,32,5,54,"5,950.00","321,300.00"
2026-05-14,446,2026051405015278,STC,35,5,26,"5,950.00","154,700.00"
2026-05-14,447,2026051405015588,TAMOR,43,59,10,451.00,"4,510.00"
2026-05-14,448,2026051405015414,TAMOR,33,59,"4,750",450.30,"2,138,925.00"
2026-05-14,449,2026051405015413,TAMOR,47,59,250,450.30,"112,575.00"
2026-05-14,450,2026051405015406,TAMOR,56,59,100,451.00,"45,100.00"
2026-05-14,451,2026051405015384,TAMOR,72,35,455,452.00,"205,660.00"
2026-05-14,452,2026051405015383,TAMOR,72,49,70,451.00,"31,570.00"
2026-05-14,453,2026051405015285,TAMOR,66,49,10,451.00,"4,510.00"
2026-05-14,454,2026051405015253,TAMOR,47,34,50,450.30,"22,515.00"
2026-05-14,455,2026051405015169,TAMOR,51,49,20,451.00,"9,020.00"
2026-05-14,456,2026051405015483,TPC,44,39,262,366.00,"95,892.00"
2026-05-14,457,2026051405015600,TSHL,48,22,10,597.00,"5,970.00"
2026-05-14,458,2026051405015284,TSHL,42,22,60,597.00,"35,820.00"
2026-05-14,459,2026051405015193,TSHL,42,58,10,597.00,"5,970.00"
2026-05-14,460,2026051405015303,TVCL,34,38,10,511.30,"5,113.00"
2026-05-14,461,2026051405015252,TVCL,14,14,15,522.00,"7,830.00"
2026-05-14,462,2026051405015494,UHEWA,95,26,10,572.50,"5,725.00"
2026-05-14,463,2026051405015493,UHEWA,95,45,10,572.00,"5,720.00"
2026-05-14,464,2026051405015245,UHEWA,64,45,11,570.00,"6,270.00"
2026-05-14,465,2026051405015244,UHEWA,64,58,40,570.00,"22,800.00"
2026-05-14,466,2026051405015243,UHEWA,64,64,57,570.00,"32,490.00"
2026-05-14,467,2026051405015242,UHEWA,64,92,50,570.00,"28,500.00"
2026-05-14,468,2026051405015218,UHEWA,49,92,40,567.00,"22,680.00"
2026-05-14,469,2026051405015479,ULHC,58,32,70,495.00,"34,650.00"
2026-05-14,470,2026051405015478,ULHC,58,74,10,495.00,"4,950.00"
2026-05-14,471,2026051405015477,ULHC,58,44,200,495.00,"99,000.00"
2026-05-14,472,2026051405015476,ULHC,58,44,200,494.90,"98,980.00"
2026-05-14,473,2026051405015475,ULHC,58,39,100,494.90,"49,490.00"
2026-05-14,474,2026051405015474,ULHC,58,44,200,494.80,"98,960.00"
2026-05-14,475,2026051405015280,ULHC,44,58,10,484.00,"4,840.00"
2026-05-14,476,2026051405015141,ULHC,6,26,25,484.00,"12,100.00"
2026-05-14,477,2026051405015336,ULHC,56,42,10,490.00,"4,900.00"
2026-05-14,478,2026051405015335,ULHC,56,41,10,490.00,"4,900.00"
2026-05-14,479,2026051405015334,ULHC,56,66,10,490.00,"4,900.00"
2026-05-14,480,2026051405015333,ULHC,56,42,10,490.00,"4,900.00"
2026-05-14,481,2026051405015332,ULHC,56,58,10,488.00,"4,880.00"
2026-05-14,482,2026051405015331,ULHC,56,42,10,488.00,"4,880.00"
2026-05-14,483,2026051405015473,ULHC,58,58,10,491.00,"4,910.00"
2026-05-14,484,2026051405015472,ULHC,58,44,200,490.80,"98,160.00"
2026-05-14,485,2026051405015471,ULHC,58,49,10,490.70,"4,907.00"
2026-05-14,486,2026051405015339,ULHC,56,49,10,490.70,"4,907.00"
2026-05-14,487,2026051405015338,ULHC,56,32,20,490.70,"9,814.00"
2026-05-14,488,2026051405015337,ULHC,56,51,10,490.00,"4,900.00"
2026-05-14,489,2026051405015211,USHEC,84,16,40,489.10,"19,564.00"
2026-05-14,490,2026051405015159,USHEC,42,57,100,489.00,"48,900.00"
2026-05-14,491,2026051405015374,USHEC,42,39,150,489.00,"73,350.00"
2026-05-14,492,2026051405015373,USHEC,34,39,100,489.10,"48,910.00"
2026-05-14,493,2026051405015372,USHEC,84,39,250,489.10,"122,275.00"
2026-05-14,494,2026051405015356,USHEC,84,39,200,489.10,"97,820.00"
2026-05-14,495,2026051405015532,USHL,34,85,10,632.90,"6,329.00"
2026-05-14,496,2026051405015531,USHL,34,58,10,625.00,"6,250.00"
2026-05-14,497,2026051405015530,USHL,34,29,40,625.00,"25,000.00"
2026-05-14,498,2026051405015529,USHL,34,39,20,622.00,"12,440.00"
2026-05-14,499,2026051405015126,USHL,25,42,65,611.00,"39,715.00"
2026-05-14,500,2026051405015161,VLUCL,57,11,10,473.10,"4,731.00"
2026-05-14,501,2026051405015092,AHL,56,58,10,515.00,"5,150.00"
2026-05-14,502,2026051405014872,AHL,25,82,20,510.00,"10,200.00"
2026-05-14,503,2026051405014807,AHL,25,56,848,510.00,"432,480.00"
2026-05-14,504,2026051405014806,AHL,94,56,127,510.00,"64,770.00"
2026-05-14,505,2026051405014805,AHL,11,56,35,510.00,"17,850.00"
2026-05-14,506,2026051405014804,AHL,19,56,90,510.00,"45,900.00"
2026-05-14,507,2026051405014850,BBC,14,1,10,"4,736.30","47,363.00"
2026-05-14,508,2026051405015028,BEDC,17,49,200,360.00,"72,000.00"
2026-05-14,509,2026051405014943,BEDC,48,49,11,360.00,"3,960.00"
2026-05-14,510,2026051405014819,BEDC,45,57,150,359.00,"53,850.00"
2026-05-14,511,2026051405014788,BEDC,54,49,108,360.00,"38,880.00"
2026-05-14,512,2026051405014732,BEDC,26,49,10,360.00,"3,600.00"
2026-05-14,513,2026051405014698,BEDC,45,58,631,359.00,"226,529.00"
2026-05-14,514,2026051405014697,BEDC,74,58,130,359.00,"46,670.00"
2026-05-14,515,2026051405014696,BEDC,45,58,28,359.10,"10,054.80"
2026-05-14,516,2026051405014650,BEDC,72,49,100,360.00,"36,000.00"
2026-05-14,517,2026051405015063,BGWT,47,4,41,666.90,"27,342.90"
2026-05-14,518,2026051405014859,BGWT,47,74,35,664.00,"23,240.00"
2026-05-14,519,2026051405014946,BGWT,29,74,190,667.00,"126,730.00"
2026-05-14,520,2026051405014923,BGWT,47,74,10,667.00,"6,670.00"
2026-05-14,521,2026051405014870,BGWT,47,13,21,666.90,"14,004.90"
2026-05-14,522,2026051405014945,BHDC,32,84,10,455.90,"4,559.00"
2026-05-14,523,2026051405014934,BHDC,58,84,200,455.90,"91,180.00"
2026-05-14,524,2026051405014933,BHDC,34,48,490,455.40,"223,146.00"
2026-05-14,525,2026051405014932,BHDC,21,48,500,455.50,"227,750.00"
2026-05-14,526,2026051405014931,BHDC,42,48,10,455.50,"4,555.00"
2026-05-14,527,2026051405014605,BHDC,62,84,100,456.00,"45,600.00"
2026-05-14,528,2026051405014604,BHDC,48,84,200,456.00,"91,200.00"
2026-05-14,529,2026051405014603,BHDC,45,84,90,456.00,"41,040.00"
2026-05-14,530,2026051405014602,BHDC,26,84,120,456.20,"54,744.00"
2026-05-14,531,2026051405015075,BHL,49,45,"1,274",221.60,"282,318.40"
2026-05-14,532,2026051405015038,BHL,29,8,10,221.70,"2,217.00"
2026-05-14,533,2026051405014748,BHL,49,49,"1,000",221.60,"221,600.00"
2026-05-14,534,2026051405014747,BHL,49,33,626,221.60,"138,721.60"
2026-05-14,535,2026051405014692,BHL,54,6,545,221.50,"120,717.50"
2026-05-14,536,2026051405014691,BHL,4,6,455,221.60,"100,828.00"
2026-05-14,537,2026051405014632,BHL,49,33,80,221.90,"17,752.00"
2026-05-14,538,2026051405015091,BHPL,58,7,115,518.00,"59,570.00"
2026-05-14,539,2026051405014983,BHPL,58,32,25,518.00,"12,950.00"
2026-05-14,540,2026051405014900,BHPL,58,57,32,515.00,"16,480.00"
2026-05-14,541,2026051405014813,BHPL,1,57,10,515.00,"5,150.00"
2026-05-14,542,2026051405014791,BHPL,42,7,10,514.50,"5,145.00"
2026-05-14,543,2026051405014783,BHPL,42,65,60,514.50,"30,870.00"
2026-05-14,544,2026051405014942,BNHC,59,10,20,323.00,"6,460.00"
2026-05-14,545,2026051405015029,CHDC,44,48,25,"2,269.00","56,725.00"
2026-05-14,546,2026051405014907,CHDC,44,48,25,"2,274.90","56,872.50"
2026-05-14,547,2026051405014999,CIT,32,22,20,"1,765.00","35,300.00"
2026-05-14,548,2026051405014817,CIT,54,22,11,"1,765.00","19,415.00"
2026-05-14,549,2026051405014763,CIT,45,49,2,"1,764.00","3,528.00"
2026-05-14,550,2026051405015034,CLI,51,45,13,452.60,"5,883.80"
2026-05-14,551,2026051405014749,CLI,57,46,13,452.50,"5,882.50"
2026-05-14,552,2026051405014743,CLI,57,45,13,452.50,"5,882.50"
2026-05-14,553,2026051405014974,DOLTI,45,48,10,347.00,"3,470.00"
2026-05-14,554,2026051405014835,DOLTI,1,53,210,346.10,"72,681.00"
2026-05-14,555,2026051405014834,DOLTI,53,53,290,346.10,"100,369.00"
2026-05-14,556,2026051405014785,DOLTI,87,41,90,347.50,"31,275.00"
2026-05-14,557,2026051405014784,DOLTI,87,57,10,347.40,"3,474.00"
2026-05-14,558,2026051405014755,DOLTI,53,96,10,346.10,"3,461.00"
2026-05-14,559,2026051405015026,DORDI,58,45,"1,000",271.00,"271,000.00"
2026-05-14,560,2026051405014769,DORDI,58,45,390,271.00,"105,690.00"
2026-05-14,561,2026051405014768,DORDI,58,45,20,271.10,"5,422.00"
2026-05-14,562,2026051405014767,DORDI,77,45,100,271.10,"27,110.00"
2026-05-14,563,2026051405014766,DORDI,49,45,"1,490",271.10,"403,939.00"
2026-05-14,564,2026051405014756,DORDI,49,6,500,271.10,"135,550.00"
2026-05-14,565,2026051405014734,DORDI,49,45,180,271.20,"48,816.00"
2026-05-14,566,2026051405014733,DORDI,8,45,100,271.20,"27,120.00"
2026-05-14,567,2026051405014622,DORDI,49,58,10,271.10,"2,711.00"
2026-05-14,568,2026051405014940,EHPL,48,16,100,379.10,"37,910.00"
2026-05-14,569,2026051405014818,EHPL,63,74,259,379.00,"98,161.00"
2026-05-14,570,2026051405014680,EHPL,63,42,50,379.00,"18,950.00"
2026-05-14,571,2026051405014606,EHPL,63,58,10,379.00,"3,790.00"
2026-05-14,572,2026051405015041,ENL,52,44,29,884.90,"25,662.10"
2026-05-14,573,2026051405014773,ENL,49,58,10,883.00,"8,830.00"
2026-05-14,574,2026051405014731,ENL,49,49,10,883.00,"8,830.00"
2026-05-14,575,2026051405015048,GCIL,57,77,1,410.00,410.00
2026-05-14,576,2026051405014639,GCIL,8,45,126,414.70,"52,252.20"
2026-05-14,577,2026051405014760,GVL,34,45,11,482.50,"5,307.50"
2026-05-14,578,2026051405015039,HATHY,45,34,14,799.00,"11,186.00"
2026-05-14,579,2026051405015024,HATHY,74,34,10,799.00,"7,990.00"
2026-05-14,580,2026051405015043,HDL,42,36,20,"1,157.00","23,140.00"
2026-05-14,581,2026051405014973,HDL,90,36,200,"1,157.00","231,400.00"
2026-05-14,582,2026051405014649,HDL,66,58,141,"1,157.00","163,137.00"
2026-05-14,583,2026051405014789,HDL,90,44,22,"1,156.00","25,432.00"
2026-05-14,584,2026051405014779,HDL,90,90,40,"1,156.00","46,240.00"
2026-05-14,585,2026051405014772,HDL,33,90,160,"1,156.00","184,960.00"
2026-05-14,586,2026051405014939,HDL,42,36,100,"1,157.00","115,700.00"
2026-05-14,587,2026051405014911,HDL,11,90,2,"1,155.10","2,310.20"
2026-05-14,588,2026051405014873,HDL,90,87,100,"1,156.00","115,600.00"
2026-05-14,589,2026051405014855,HDL,17,44,5,"1,155.00","5,775.00"
2026-05-14,590,2026051405014836,HDL,39,36,25,"1,157.00","28,925.00"
2026-05-14,591,2026051405014995,HHL,1,57,830,368.00,"305,440.00"
2026-05-14,592,2026051405014994,HHL,74,57,290,368.00,"106,720.00"
2026-05-14,593,2026051405014993,HHL,37,57,200,368.10,"73,620.00"
2026-05-14,594,2026051405014992,HHL,25,57,80,368.10,"29,448.00"
2026-05-14,595,2026051405014991,HHL,58,57,20,368.20,"7,364.00"
2026-05-14,596,2026051405014854,HHL,35,57,10,370.00,"3,700.00"
2026-05-14,597,2026051405014811,HHL,6,57,"1,000",370.00,"370,000.00"
2026-05-14,598,2026051405014701,HHL,62,58,10,369.10,"3,691.00"
2026-05-14,599,2026051405014990,HHL,33,57,"1,000",369.00,"369,000.00"
2026-05-14,600,2026051405014989,HHL,49,57,70,369.00,"25,830.00"
2026-05-14,601,2026051405014988,HHL,62,57,500,369.10,"184,550.00"
2026-05-14,602,2026051405015047,HIDCL,35,25,"1,000",267.40,"267,400.00"
2026-05-14,603,2026051405014765,HIDCL,62,33,385,267.30,"102,910.50"
2026-05-14,604,2026051405014764,HIDCL,19,33,115,267.40,"30,751.00"
2026-05-14,605,2026051405015101,HRL,33,94,150,628.00,"94,200.00"
2026-05-14,606,2026051405015100,HRL,19,94,700,628.00,"439,600.00"
2026-05-14,607,2026051405015090,HRL,28,94,50,628.00,"31,400.00"
2026-05-14,608,2026051405015089,HRL,32,94,20,628.00,"12,560.00"
2026-05-14,609,2026051405015088,HRL,54,94,100,628.00,"62,800.00"
2026-05-14,610,2026051405015087,HRL,38,94,100,628.00,"62,800.00"
2026-05-14,611,2026051405014633,HRL,1,47,469,628.20,"294,625.80"
2026-05-14,612,2026051405014629,HRL,1,36,10,628.20,"6,282.00"
2026-05-14,613,2026051405014628,HRL,35,58,85,628.40,"53,414.00"
2026-05-14,614,2026051405014623,HRL,1,45,21,628.20,"13,192.20"
2026-05-14,615,2026051405014684,HRL,25,6,20,628.20,"12,564.00"
2026-05-14,616,2026051405014683,HRL,38,6,10,628.20,"6,282.00"
2026-05-14,617,2026051405014682,HRL,49,6,200,628.20,"125,640.00"
2026-05-14,618,2026051405014651,HRL,34,58,20,628.20,"12,564.00"
2026-05-14,619,2026051405014635,HRL,34,47,266,628.10,"167,074.60"
2026-05-14,620,2026051405014634,HRL,58,47,20,628.10,"12,562.00"
2026-05-14,621,2026051405014706,HRL,5,34,100,628.10,"62,810.00"
2026-05-14,622,2026051405014705,HRL,82,34,"1,000",628.10,"628,100.00"
2026-05-14,623,2026051405014704,HRL,58,34,34,628.10,"21,355.40"
2026-05-14,624,2026051405014703,HRL,34,34,164,628.10,"103,008.40"
2026-05-14,625,2026051405014702,HRL,42,34,14,628.20,"8,794.80"
2026-05-14,626,2026051405014685,HRL,34,6,70,628.10,"43,967.00"
2026-05-14,627,2026051405014712,HRL,58,34,47,628.00,"29,516.00"
2026-05-14,628,2026051405014711,HRL,49,34,10,628.00,"6,280.00"
2026-05-14,629,2026051405014710,HRL,38,34,200,628.00,"125,600.00"
2026-05-14,630,2026051405014709,HRL,99,34,200,628.00,"125,600.00"
2026-05-14,631,2026051405014708,HRL,58,34,60,628.00,"37,680.00"
2026-05-14,632,2026051405014707,HRL,58,34,16,628.00,"10,048.00"
2026-05-14,633,2026051405014722,HRL,52,51,50,628.30,"31,415.00"
2026-05-14,634,2026051405014721,HRL,52,34,138,628.00,"86,664.00"
2026-05-14,635,2026051405014716,HRL,25,34,50,628.00,"31,400.00"
2026-05-14,636,2026051405014715,HRL,58,34,250,628.00,"157,000.00"
2026-05-14,637,2026051405014714,HRL,42,34,167,628.00,"104,876.00"
2026-05-14,638,2026051405014713,HRL,36,34,50,628.00,"31,400.00"
2026-05-14,639,2026051405014728,HRL,52,41,50,629.00,"31,450.00"
2026-05-14,640,2026051405014727,HRL,52,45,250,629.00,"157,250.00"
2026-05-14,641,2026051405014726,HRL,52,58,132,629.00,"83,028.00"
2026-05-14,642,2026051405014725,HRL,52,42,95,629.00,"59,755.00"
2026-05-14,643,2026051405014724,HRL,52,57,24,629.00,"15,096.00"
2026-05-14,644,2026051405014723,HRL,52,58,275,628.40,"172,810.00"
2026-05-14,645,2026051405014775,HRL,4,42,32,629.00,"20,128.00"
2026-05-14,646,2026051405014774,HRL,4,42,121,629.00,"76,109.00"
2026-05-14,647,2026051405014771,HRL,63,36,100,628.40,"62,840.00"
2026-05-14,648,2026051405014751,HRL,63,49,45,628.40,"28,278.00"
2026-05-14,649,2026051405014750,HRL,63,58,10,628.40,"6,284.00"
2026-05-14,650,2026051405014729,HRL,52,42,216,629.00,"135,864.00"
2026-05-14,651,2026051405014794,HRL,34,80,155,628.00,"97,340.00"
2026-05-14,652,2026051405014793,HRL,28,80,150,628.20,"94,230.00"
2026-05-14,653,2026051405014792,HRL,34,80,165,628.30,"103,669.50"
2026-05-14,654,2026051405014778,HRL,63,60,345,628.40,"216,798.00"
2026-05-14,655,2026051405014777,HRL,4,57,37,629.00,"23,273.00"
2026-05-14,656,2026051405014776,HRL,4,48,10,629.00,"6,290.00"
2026-05-14,657,2026051405014801,HRL,5,57,159,628.00,"99,852.00"
2026-05-14,658,2026051405014800,HRL,35,57,151,628.00,"94,828.00"
2026-05-14,659,2026051405014799,HRL,35,57,50,628.00,"31,400.00"
2026-05-14,660,2026051405014798,HRL,46,57,20,628.00,"12,560.00"
2026-05-14,661,2026051405014796,HRL,46,80,20,628.00,"12,560.00"
2026-05-14,662,2026051405014795,HRL,35,80,10,628.00,"6,280.00"
2026-05-14,663,2026051405014861,HRL,42,7,91,628.30,"57,175.30"
2026-05-14,664,2026051405014838,HRL,42,60,54,628.00,"33,912.00"
2026-05-14,665,2026051405014833,HRL,58,60,200,628.00,"125,600.00"
2026-05-14,666,2026051405014832,HRL,48,60,61,628.00,"38,308.00"
2026-05-14,667,2026051405014803,HRL,48,57,39,628.00,"24,492.00"
2026-05-14,668,2026051405014802,HRL,1,57,15,628.00,"9,420.00"
2026-05-14,669,2026051405014908,HRL,58,61,100,628.30,"62,830.00"
2026-05-14,670,2026051405014906,HRL,42,61,35,628.30,"21,990.50"
2026-05-14,671,2026051405014899,HRL,42,52,53,628.30,"33,299.90"
2026-05-14,672,2026051405014897,HRL,42,56,300,628.30,"188,490.00"
2026-05-14,673,2026051405014869,HRL,42,58,150,628.30,"94,245.00"
2026-05-14,674,2026051405014862,HRL,42,22,17,628.30,"10,681.10"
2026-05-14,675,2026051405014948,HRL,38,61,100,628.30,"62,830.00"
2026-05-14,676,2026051405014941,HRL,45,61,10,628.30,"6,283.00"
2026-05-14,677,2026051405014922,HRL,38,57,200,628.10,"125,620.00"
2026-05-14,678,2026051405014921,HRL,42,61,40,628.30,"25,132.00"
2026-05-14,679,2026051405014915,HRL,28,61,15,628.30,"9,424.50"
2026-05-14,680,2026051405014909,HRL,42,61,50,628.30,"31,415.00"
2026-05-14,681,2026051405014957,HRL,14,43,20,628.30,"12,566.00"
2026-05-14,682,2026051405014956,HRL,14,22,43,628.30,"27,016.90"
2026-05-14,683,2026051405014955,HRL,14,14,33,628.30,"20,733.90"
2026-05-14,684,2026051405014954,HRL,14,44,10,628.30,"6,283.00"
2026-05-14,685,2026051405014953,HRL,14,61,74,628.30,"46,494.20"
2026-05-14,686,2026051405014952,HRL,17,61,100,628.30,"62,830.00"
2026-05-14,687,2026051405014963,HRL,38,51,300,628.10,"188,430.00"
2026-05-14,688,2026051405014962,HRL,11,51,50,628.10,"31,405.00"
2026-05-14,689,2026051405014961,HRL,38,51,270,628.10,"169,587.00"
2026-05-14,690,2026051405014960,HRL,28,51,10,628.20,"6,282.00"
2026-05-14,691,2026051405014959,HRL,4,51,200,628.20,"125,640.00"
2026-05-14,692,2026051405014958,HRL,14,51,20,628.30,"12,566.00"
2026-05-14,693,2026051405014987,HRL,51,66,15,628.40,"9,426.00"
2026-05-14,694,2026051405014968,HRL,51,49,50,628.40,"31,420.00"
2026-05-14,695,2026051405014967,HRL,38,51,54,628.00,"33,912.00"
2026-05-14,696,2026051405014966,HRL,34,51,500,628.00,"314,000.00"
2026-05-14,697,2026051405014965,HRL,1,51,96,628.00,"60,288.00"
2026-05-14,698,2026051405014964,HRL,58,51,500,628.00,"314,000.00"
2026-05-14,699,2026051405015033,HRL,90,57,43,628.00,"27,004.00"
2026-05-14,700,2026051405015032,HRL,47,57,20,628.00,"12,560.00"
2026-05-14,701,2026051405015027,HRL,58,66,10,628.10,"6,281.00"
2026-05-14,702,2026051405015025,HRL,38,14,21,628.00,"13,188.00"
2026-05-14,703,2026051405014998,HRL,14,66,13,628.10,"8,165.30"
2026-05-14,704,2026051405014997,HRL,45,41,1,631.50,631.50
2026-05-14,705,2026051405015051,HRL,44,66,30,628.10,"18,843.00"
2026-05-14,706,2026051405015050,HRL,14,66,50,628.10,"31,405.00"
2026-05-14,707,2026051405015042,HRL,28,66,50,628.10,"31,405.00"
2026-05-14,708,2026051405015040,HRL,90,58,103,628.00,"64,684.00"
2026-05-14,709,2026051405015037,HRL,41,66,20,628.10,"12,562.00"
2026-05-14,710,2026051405015036,HRL,16,66,42,628.10,"26,380.20"
2026-05-14,711,2026051405015058,HRL,57,25,10,628.00,"6,280.00"
2026-05-14,712,2026051405015057,HRL,28,25,20,628.00,"12,560.00"
2026-05-14,713,2026051405015056,HRL,57,25,50,628.00,"31,400.00"
2026-05-14,714,2026051405015055,HRL,25,25,50,628.00,"31,400.00"
2026-05-14,715,2026051405015054,HRL,49,25,10,628.00,"6,280.00"
2026-05-14,716,2026051405015053,HRL,90,25,154,628.00,"96,712.00"
2026-05-14,717,2026051405015086,HRL,58,94,20,628.00,"12,560.00"
2026-05-14,718,2026051405015085,HRL,49,94,249,628.00,"156,372.00"
2026-05-14,719,2026051405015083,HRL,46,66,10,628.10,"6,281.00"
2026-05-14,720,2026051405015067,HRL,62,66,90,628.10,"56,529.00"
2026-05-14,721,2026051405015060,HRL,49,25,225,628.00,"141,300.00"
2026-05-14,722,2026051405015059,HRL,39,25,20,628.00,"12,560.00"
2026-05-14,723,2026051405014914,IHL,45,35,14,396.00,"5,544.00"
2026-05-14,724,2026051405014694,IHL,45,59,20,394.50,"7,890.00"
2026-05-14,725,2026051405014674,IHL,65,35,100,394.10,"39,410.00"
2026-05-14,726,2026051405014673,IHL,49,35,74,394.10,"29,163.40"
2026-05-14,727,2026051405014693,IHL,45,35,66,394.00,"26,004.00"
2026-05-14,728,2026051405014679,IHL,11,35,100,394.00,"39,400.00"
2026-05-14,729,2026051405014678,IHL,4,35,500,394.00,"197,000.00"
2026-05-14,730,2026051405014677,IHL,51,35,10,394.00,"3,940.00"
2026-05-14,731,2026051405014676,IHL,49,35,50,394.00,"19,700.00"
2026-05-14,732,2026051405014675,IHL,59,35,100,394.10,"39,410.00"
2026-05-14,733,2026051405014925,ILI,58,45,18,435.00,"7,830.00"
2026-05-14,734,2026051405014640,ILI,34,58,12,435.80,"5,229.60"
2026-05-14,735,2026051405015007,KEF,34,53,500,10.65,"5,325.00"
2026-05-14,736,2026051405014790,MAKAR,63,26,50,490.90,"24,545.00"
2026-05-14,737,2026051405014637,MANDU,28,74,70,814.00,"56,980.00"
2026-05-14,738,2026051405015068,MBJC,42,49,20,282.50,"5,650.00"
2026-05-14,739,2026051405014742,MBJC,49,49,200,282.50,"56,500.00"
2026-05-14,740,2026051405014608,MCHL,14,96,10,309.50,"3,095.00"
2026-05-14,741,2026051405014894,MKHC,42,42,470,318.00,"149,460.00"
2026-05-14,742,2026051405014893,MKHC,8,42,100,318.00,"31,800.00"
2026-05-14,743,2026051405014892,MKHC,63,42,180,318.00,"57,240.00"
2026-05-14,744,2026051405014809,MKHC,63,49,50,318.00,"15,900.00"
2026-05-14,745,2026051405014687,MKHC,25,49,50,318.10,"15,905.00"
2026-05-14,746,2026051405014642,MKHL,25,11,50,518.00,"25,900.00"
2026-05-14,747,2026051405015084,MKJC,57,58,10,485.90,"4,859.00"
2026-05-14,748,2026051405014826,MKJC,70,48,10,485.70,"4,857.00"
2026-05-14,749,2026051405014758,MMF1,48,57,100,9.40,940.00
2026-05-14,750,2026051405014858,MMKJL,40,34,10,489.90,"4,899.00"
2026-05-14,751,2026051405014810,MSHL,51,57,10,681.40,"6,814.00"
2026-05-14,752,2026051405014735,NBF3,76,21,900,9.90,"8,910.00"
2026-05-14,753,2026051405014616,NIBSF2,58,21,"1,000",9.30,"9,300.00"
2026-05-14,754,2026051405015049,NIFRA,57,43,64,262.80,"16,819.20"
2026-05-14,755,2026051405014996,NIFRA,49,48,300,262.70,"78,810.00"
2026-05-14,756,2026051405014938,NIFRA,49,4,671,262.70,"176,271.70"
2026-05-14,757,2026051405014937,NIFRA,49,4,829,262.70,"217,778.30"
2026-05-14,758,2026051405014928,NIFRA,49,57,21,262.70,"5,516.70"
2026-05-14,759,2026051405014913,NIFRA,49,35,150,262.70,"39,405.00"
2026-05-14,760,2026051405014736,NIFRA,7,36,18,263.00,"4,734.00"
2026-05-14,761,2026051405014625,NIFRA,22,19,10,263.20,"2,632.00"
2026-05-14,762,2026051405014617,NIFRA,7,44,10,263.00,"2,630.00"
2026-05-14,763,2026051405014912,NIFRA,17,35,100,262.70,"26,270.00"
2026-05-14,764,2026051405014877,NIFRA,90,48,200,263.00,"52,600.00"
2026-05-14,765,2026051405014797,NIFRA,57,48,185,263.00,"48,655.00"
2026-05-14,766,2026051405014781,NIFRA,57,48,"1,328",263.00,"349,264.00"
2026-05-14,767,2026051405014738,NIFRA,57,36,72,263.00,"18,936.00"
2026-05-14,768,2026051405014737,NIFRA,58,36,10,263.00,"2,630.00"
2026-05-14,769,2026051405015023,NRIC,17,50,12,892.00,"10,704.00"
2026-05-14,770,2026051405015022,NRIC,17,50,20,892.00,"17,840.00"
2026-05-14,771,2026051405015021,NRIC,11,50,200,892.00,"178,400.00"
2026-05-14,772,2026051405015020,NRIC,45,50,218,892.00,"194,456.00"
2026-05-14,773,2026051405015016,NRIC,45,38,100,892.00,"89,200.00"
2026-05-14,774,2026051405015003,NRIC,45,77,69,892.00,"61,548.00"
2026-05-14,775,2026051405014607,NRIC,45,66,73,892.00,"65,116.00"
2026-05-14,776,2026051405015002,NRIC,58,77,11,892.10,"9,813.10"
2026-05-14,777,2026051405015001,NRIC,75,77,20,892.10,"17,842.00"
2026-05-14,778,2026051405014808,NRIC,75,58,30,892.10,"26,763.00"
2026-05-14,779,2026051405015066,NRM,41,69,10,375.00,"3,750.00"
2026-05-14,780,2026051405014864,NRM,52,58,30,374.00,"11,220.00"
2026-05-14,781,2026051405014825,NRM,52,38,435,374.00,"162,690.00"
2026-05-14,782,2026051405014824,NRM,33,38,10,374.00,"3,740.00"
2026-05-14,783,2026051405014823,NRM,41,38,10,374.50,"3,745.00"
2026-05-14,784,2026051405014822,NRM,51,38,35,375.00,"13,125.00"
2026-05-14,785,2026051405014631,NRM,68,58,180,375.00,"67,500.00"
2026-05-14,786,2026051405014630,NRM,41,58,10,375.00,"3,750.00"
2026-05-14,787,2026051405014821,NRM,59,38,110,375.00,"41,250.00"
2026-05-14,788,2026051405014820,NRM,28,38,100,375.10,"37,510.00"
2026-05-14,789,2026051405014770,NRM,59,58,10,375.00,"3,750.00"
2026-05-14,790,2026051405014754,NRM,59,57,20,375.00,"7,500.00"
2026-05-14,791,2026051405014753,NRM,59,20,210,375.00,"78,750.00"
2026-05-14,792,2026051405014752,NRM,59,58,150,375.00,"56,250.00"
2026-05-14,793,2026051405015012,NRN,34,45,10,"1,362.00","13,620.00"
2026-05-14,794,2026051405015011,NRN,20,45,190,"1,362.00","258,780.00"
2026-05-14,795,2026051405015010,NRN,56,45,100,"1,362.10","136,210.00"
2026-05-14,796,2026051405014816,NRN,38,3,1,"1,350.00","1,350.00"
2026-05-14,797,2026051405014745,NRN,41,50,20,"1,366.00","27,320.00"
2026-05-14,798,2026051405014744,NRN,41,29,80,"1,365.90","109,272.00"
2026-05-14,799,2026051405014871,NRN,58,57,50,"1,362.10","68,105.00"
2026-05-14,800,2026051405015062,NTC,41,22,50,890.00,"44,500.00"
2026-05-14,801,2026051405015061,NTC,58,22,35,890.00,"31,150.00"
2026-05-14,802,2026051405015000,NTC,58,46,50,890.00,"44,500.00"
2026-05-14,803,2026051405014757,NYADI,44,6,10,386.50,"3,865.00"
2026-05-14,804,2026051405014746,NYADI,59,36,10,385.00,"3,850.00"
2026-05-14,805,2026051405014949,PHCL,84,44,10,306.00,"3,060.00"
2026-05-14,806,2026051405014929,PHCL,54,52,41,306.90,"12,582.90"
2026-05-14,807,2026051405014681,PHCL,84,57,20,306.00,"6,120.00"
2026-05-14,808,2026051405014891,PPL,38,45,14,355.00,"4,970.00"
2026-05-14,809,2026051405014890,PPL,38,54,85,355.00,"30,175.00"
2026-05-14,810,2026051405014889,PPL,38,58,15,355.00,"5,325.00"
2026-05-14,811,2026051405014888,PPL,38,19,15,355.00,"5,325.00"
2026-05-14,812,2026051405014887,PPL,38,44,15,355.00,"5,325.00"
2026-05-14,813,2026051405014886,PPL,38,41,100,354.90,"35,490.00"
2026-05-14,814,2026051405014842,PPL,38,56,50,354.50,"17,725.00"
2026-05-14,815,2026051405014841,PPL,38,41,700,354.00,"247,800.00"
2026-05-14,816,2026051405014840,PPL,38,48,40,354.00,"14,160.00"
2026-05-14,817,2026051405014839,PPL,38,35,55,354.00,"19,470.00"
2026-05-14,818,2026051405014885,PPL,38,42,11,354.90,"3,903.90"
2026-05-14,819,2026051405014884,PPL,38,34,45,354.80,"15,966.00"
2026-05-14,820,2026051405014883,PPL,38,11,100,354.70,"35,470.00"
2026-05-14,821,2026051405014882,PPL,38,41,300,354.00,"106,200.00"
2026-05-14,822,2026051405014881,PPL,38,35,300,353.80,"106,140.00"
2026-05-14,823,2026051405014843,PPL,38,34,155,354.80,"54,994.00"
2026-05-14,824,2026051405014761,PSF,17,58,100,12.12,"1,212.00"
2026-05-14,825,2026051405014690,RFPL,34,53,500,369.80,"184,900.00"
2026-05-14,826,2026051405014762,RHGCL,6,57,10,292.70,"2,927.00"
2026-05-14,827,2026051405015005,RNLI,36,49,12,458.00,"5,496.00"
2026-05-14,828,2026051405014986,RNLI,36,49,23,459.00,"10,557.00"
2026-05-14,829,2026051405014898,RNLI,36,41,12,458.00,"5,496.00"
2026-05-14,830,2026051405015082,SAHAS,57,66,422,667.00,"281,474.00"
2026-05-14,831,2026051405015081,SAHAS,34,66,"1,000",667.10,"667,100.00"
2026-05-14,832,2026051405015080,SAHAS,57,66,"1,000",667.50,"667,500.00"
2026-05-14,833,2026051405015079,SAHAS,100,66,500,667.70,"333,850.00"
2026-05-14,834,2026051405015078,SAHAS,58,66,48,667.80,"32,054.40"
2026-05-14,835,2026051405015077,SAHAS,49,66,30,667.80,"20,034.00"
2026-05-14,836,2026051405014626,SAHAS,48,14,190,668.30,"126,977.00"
2026-05-14,837,2026051405014648,SAHAS,49,42,110,668.50,"73,535.00"
2026-05-14,838,2026051405014647,SAHAS,49,28,340,668.50,"227,290.00"
2026-05-14,839,2026051405014641,SAHAS,62,48,3,665.00,"1,995.00"
2026-05-14,840,2026051405014638,SAHAS,21,19,500,668.40,"334,200.00"
2026-05-14,841,2026051405014636,SAHAS,66,3,7,668.00,"4,676.00"
2026-05-14,842,2026051405014627,SAHAS,48,19,106,668.40,"70,850.40"
2026-05-14,843,2026051405014657,SAHAS,57,39,70,668.30,"46,781.00"
2026-05-14,844,2026051405014656,SAHAS,43,39,149,668.30,"99,576.70"
2026-05-14,845,2026051405014655,SAHAS,49,39,190,668.30,"126,977.00"
2026-05-14,846,2026051405014654,SAHAS,58,39,100,668.40,"66,840.00"
2026-05-14,847,2026051405014653,SAHAS,58,39,450,668.40,"300,780.00"
2026-05-14,848,2026051405014652,SAHAS,49,39,50,668.50,"33,425.00"
2026-05-14,849,2026051405014663,SAHAS,42,39,137,668.00,"91,516.00"
2026-05-14,850,2026051405014662,SAHAS,81,39,50,668.20,"33,410.00"
2026-05-14,851,2026051405014661,SAHAS,57,39,200,668.20,"133,640.00"
2026-05-14,852,2026051405014660,SAHAS,58,39,500,668.20,"334,100.00"
2026-05-14,853,2026051405014659,SAHAS,57,39,500,668.30,"334,150.00"
2026-05-14,854,2026051405014658,SAHAS,58,39,30,668.30,"20,049.00"
2026-05-14,855,2026051405014720,SAHAS,34,39,"1,000",668.00,"668,000.00"
2026-05-14,856,2026051405014719,SAHAS,41,39,10,668.00,"6,680.00"
2026-05-14,857,2026051405014695,SAHAS,42,39,300,668.00,"200,400.00"
2026-05-14,858,2026051405014686,SAHAS,25,39,"1,000",668.00,"668,000.00"
2026-05-14,859,2026051405014665,SAHAS,51,39,50,668.00,"33,400.00"
2026-05-14,860,2026051405014664,SAHAS,38,39,"1,500",668.00,"1,002,000.00"
2026-05-14,861,2026051405014787,SAHAS,49,39,60,668.00,"40,080.00"
2026-05-14,862,2026051405014786,SAHAS,21,39,124,668.00,"82,832.00"
2026-05-14,863,2026051405014782,SAHAS,58,39,38,668.00,"25,384.00"
2026-05-14,864,2026051405014780,SAHAS,42,39,600,668.00,"400,800.00"
2026-05-14,865,2026051405014741,SAHAS,70,39,100,668.00,"66,800.00"
2026-05-14,866,2026051405014739,SAHAS,48,39,50,668.00,"33,400.00"
2026-05-14,867,2026051405014910,SAHAS,85,49,50,668.00,"33,400.00"
2026-05-14,868,2026051405014876,SAHAS,85,19,13,668.00,"8,684.00"
2026-05-14,869,2026051405014865,SAHAS,41,10,100,668.70,"66,870.00"
2026-05-14,870,2026051405014863,SAHAS,85,39,"2,542",668.00,"1,698,056.00"
2026-05-14,871,2026051405014857,SAHAS,87,45,100,667.80,"66,780.00"
2026-05-14,872,2026051405014837,SAHAS,1,39,200,668.00,"133,600.00"
2026-05-14,873,2026051405014927,SAHAS,13,52,146,668.00,"97,528.00"
2026-05-14,874,2026051405014920,SAHAS,94,52,200,668.00,"133,600.00"
2026-05-14,875,2026051405014919,SAHAS,41,52,20,668.00,"13,360.00"
2026-05-14,876,2026051405014918,SAHAS,49,52,50,668.00,"33,400.00"
2026-05-14,877,2026051405014917,SAHAS,58,52,150,668.00,"100,200.00"
2026-05-14,878,2026051405014916,SAHAS,85,52,195,668.00,"130,260.00"
2026-05-14,879,2026051405015044,SAHAS,1,34,136,668.00,"90,848.00"
2026-05-14,880,2026051405015006,SAHAS,1,57,64,668.00,"42,752.00"
2026-05-14,881,2026051405014975,SAHAS,45,44,1,665.10,665.10
2026-05-14,882,2026051405014971,SAHAS,26,57,141,668.00,"94,188.00"
2026-05-14,883,2026051405014970,SAHAS,26,52,209,668.00,"139,612.00"
2026-05-14,884,2026051405014930,SAHAS,48,52,30,668.00,"20,040.00"
2026-05-14,885,2026051405015076,SAHAS,57,66,"1,000",667.90,"667,900.00"
2026-05-14,886,2026051405015069,SAHAS,87,11,400,668.00,"267,200.00"
2026-05-14,887,2026051405015065,SAHAS,49,11,29,668.00,"19,372.00"
2026-05-14,888,2026051405015064,SAHAS,49,34,271,668.00,"181,028.00"
2026-05-14,889,2026051405015046,SAHAS,58,34,100,668.00,"66,800.00"
2026-05-14,890,2026051405015045,SAHAS,58,34,50,668.00,"33,400.00"
2026-05-14,891,2026051405014895,SEF,49,43,165,9.90,"1,633.50"
2026-05-14,892,2026051405014759,SFMF,57,6,500,10.45,"5,225.00"
2026-05-14,893,2026051405015004,SGHC,16,45,100,360.70,"36,070.00"
2026-05-14,894,2026051405014982,SGHC,41,16,20,363.00,"7,260.00"
2026-05-14,895,2026051405014981,SGHC,16,42,77,360.70,"27,773.90"
2026-05-14,896,2026051405014980,SGHC,58,42,55,361.00,"19,855.00"
2026-05-14,897,2026051405014979,SGHC,42,42,43,361.00,"15,523.00"
2026-05-14,898,2026051405014978,SGHC,1,42,100,361.10,"36,110.00"
2026-05-14,899,2026051405014977,SGHC,54,42,170,361.10,"61,387.00"
2026-05-14,900,2026051405014976,SGHC,92,42,55,361.20,"19,866.00"
2026-05-14,901,2026051405014853,SGHC,92,63,195,361.20,"70,434.00"
2026-05-14,902,2026051405014852,SGHC,42,63,205,361.30,"74,066.50"
2026-05-14,903,2026051405014851,SGHC,92,63,100,361.30,"36,130.00"
2026-05-14,904,2026051405015099,SHIVM,44,45,223,673.10,"150,101.30"
2026-05-14,905,2026051405015098,SHIVM,94,45,200,673.10,"134,620.00"
2026-05-14,906,2026051405015097,SHIVM,22,45,300,673.20,"201,960.00"
2026-05-14,907,2026051405015096,SHIVM,94,45,200,673.30,"134,660.00"
2026-05-14,908,2026051405015095,SHIVM,33,45,20,673.30,"13,466.00"
2026-05-14,909,2026051405015094,SHIVM,44,45,907,673.40,"610,773.80"
2026-05-14,910,2026051405014620,SHIVM,44,35,500,675.00,"337,500.00"
2026-05-14,911,2026051405014619,SHIVM,44,35,500,675.00,"337,500.00"
2026-05-14,912,2026051405014618,SHIVM,44,43,385,675.00,"259,875.00"
2026-05-14,913,2026051405014611,SHIVM,64,43,25,675.00,"16,875.00"
2026-05-14,914,2026051405014847,SHIVM,29,32,200,674.20,"134,840.00"
2026-05-14,915,2026051405014846,SHIVM,49,32,10,674.90,"6,749.00"
2026-05-14,916,2026051405014829,SHIVM,1,25,10,675.00,"6,750.00"
2026-05-14,917,2026051405014815,SHIVM,1,21,10,675.00,"6,750.00"
2026-05-14,918,2026051405014814,SHIVM,58,21,100,675.00,"67,500.00"
2026-05-14,919,2026051405014621,SHIVM,44,43,615,675.70,"415,555.50"
2026-05-14,920,2026051405014903,SHIVM,1,38,300,673.50,"202,050.00"
2026-05-14,921,2026051405014902,SHIVM,16,38,50,673.50,"33,675.00"
2026-05-14,922,2026051405014901,SHIVM,58,38,44,673.50,"29,634.00"
2026-05-14,923,2026051405014880,SHIVM,69,32,95,674.00,"64,030.00"
2026-05-14,924,2026051405014849,SHIVM,45,32,245,674.00,"165,130.00"
2026-05-14,925,2026051405014848,SHIVM,38,32,250,674.20,"168,550.00"
2026-05-14,926,2026051405015093,SHIVM,58,45,150,673.50,"101,025.00"
2026-05-14,927,2026051405015070,SHIVM,36,7,3,673.80,"2,021.40"
2026-05-14,928,2026051405014950,SHIVM,49,25,20,675.00,"13,500.00"
2026-05-14,929,2026051405014936,SHIVM,94,42,150,673.50,"101,025.00"
2026-05-14,930,2026051405014905,SHIVM,44,38,93,673.40,"62,626.20"
2026-05-14,931,2026051405014904,SHIVM,41,38,100,673.40,"67,340.00"
2026-05-14,932,2026051405015074,SMATA,49,43,12,768.00,"9,216.00"
2026-05-14,933,2026051405015073,SMATA,49,42,29,767.80,"22,266.20"
2026-05-14,934,2026051405015072,SMATA,49,51,200,767.70,"153,540.00"
2026-05-14,935,2026051405015071,SMATA,49,56,12,767.50,"9,210.00"
2026-05-14,936,2026051405014896,SMH,83,33,11,579.00,"6,369.00"
2026-05-14,937,2026051405014878,SMH,49,77,20,574.00,"11,480.00"
2026-05-14,938,2026051405015017,SMHL,74,45,200,494.00,"98,800.00"
2026-05-14,939,2026051405014985,SMHL,74,54,50,494.00,"24,700.00"
2026-05-14,940,2026051405014984,SMHL,74,49,20,494.00,"9,880.00"
2026-05-14,941,2026051405014972,SMHL,36,58,40,494.50,"19,780.00"
2026-05-14,942,2026051405014868,SMHL,74,53,300,494.00,"148,200.00"
2026-05-14,943,2026051405014867,SMHL,74,49,17,493.00,"8,381.00"
2026-05-14,944,2026051405014866,SMHL,74,25,20,493.00,"9,860.00"
2026-05-14,945,2026051405014860,SMHL,16,54,50,492.00,"24,600.00"
2026-05-14,946,2026051405014740,SMHL,58,42,50,491.00,"24,550.00"
2026-05-14,947,2026051405015052,SONA,10,38,180,440.40,"79,272.00"
2026-05-14,948,2026051405014951,SONA,42,38,510,440.30,"224,553.00"
2026-05-14,949,2026051405014935,SONA,45,48,10,441.00,"4,410.00"
2026-05-14,950,2026051405014879,SONA,45,74,10,440.70,"4,407.00"
2026-05-14,951,2026051405014828,SONA,10,58,10,440.20,"4,402.00"
2026-05-14,952,2026051405014718,SONA,42,5,10,440.10,"4,401.00"
2026-05-14,953,2026051405014624,SONA,10,48,10,440.00,"4,400.00"
2026-05-14,954,2026051405014610,SONA,10,52,200,440.00,"88,000.00"
2026-05-14,955,2026051405014609,SONA,10,5,50,440.00,"22,000.00"
2026-05-14,956,2026051405015008,SPC,48,58,10,460.00,"4,600.00"
2026-05-14,957,2026051405015015,TAMOR,72,83,355,450.20,"159,821.00"
2026-05-14,958,2026051405015014,TAMOR,36,83,100,451.00,"45,100.00"
2026-05-14,959,2026051405015013,TAMOR,56,83,20,452.00,"9,040.00"
2026-05-14,960,2026051405015009,TAMOR,56,64,50,452.00,"22,600.00"
2026-05-14,961,2026051405014947,TAMOR,56,56,100,452.00,"45,200.00"
2026-05-14,962,2026051405014944,TAMOR,56,21,10,452.00,"4,520.00"
2026-05-14,963,2026051405014667,TAMOR,39,49,10,453.00,"4,530.00"
2026-05-14,964,2026051405014666,TAMOR,39,49,40,453.00,"18,120.00"
2026-05-14,965,2026051405014646,TAMOR,57,57,10,452.00,"4,520.00"
2026-05-14,966,2026051405014645,TAMOR,57,49,10,452.00,"4,520.00"
2026-05-14,967,2026051405014644,TAMOR,57,34,10,452.00,"4,520.00"
2026-05-14,968,2026051405014643,TAMOR,57,83,170,452.00,"76,840.00"
2026-05-14,969,2026051405014926,TAMOR,56,14,20,452.00,"9,040.00"
2026-05-14,970,2026051405014672,TAMOR,39,90,10,453.60,"4,536.00"
2026-05-14,971,2026051405014671,TAMOR,39,96,10,453.60,"4,536.00"
2026-05-14,972,2026051405014670,TAMOR,39,4,10,453.60,"4,536.00"
2026-05-14,973,2026051405014669,TAMOR,39,96,10,453.00,"4,530.00"
2026-05-14,974,2026051405014668,TAMOR,39,96,10,453.00,"4,530.00"
2026-05-14,975,2026051405015031,TPC,44,58,200,366.00,"73,200.00"
2026-05-14,976,2026051405015030,TPC,74,58,800,366.10,"292,880.00"
2026-05-14,977,2026051405014700,TPC,44,41,538,366.00,"196,908.00"
2026-05-14,978,2026051405014699,TPC,64,41,"1,710",367.00,"627,570.00"
2026-05-14,979,2026051405014812,TSHL,42,49,10,597.00,"5,970.00"
2026-05-14,980,2026051405014730,TSHL,19,96,10,592.00,"5,920.00"
2026-05-14,981,2026051405015035,TVCL,14,14,355,522.00,"185,310.00"
2026-05-14,982,2026051405014831,UHEWA,64,63,135,566.20,"76,437.00"
2026-05-14,983,2026051405014830,UHEWA,43,63,10,566.30,"5,663.00"
2026-05-14,984,2026051405014615,UHEWA,49,36,97,566.10,"54,911.70"
2026-05-14,985,2026051405014614,UHEWA,26,36,23,566.20,"13,022.60"
2026-05-14,986,2026051405014613,UHEWA,58,36,10,566.30,"5,663.00"
2026-05-14,987,2026051405014612,UHEWA,49,36,20,567.00,"11,340.00"
2026-05-14,988,2026051405015019,ULHC,6,26,10,484.00,"4,840.00"
2026-05-14,989,2026051405015018,ULHC,42,26,10,484.00,"4,840.00"
2026-05-14,990,2026051405014969,ULHC,42,38,10,484.00,"4,840.00"
2026-05-14,991,2026051405014827,ULHC,44,35,30,483.70,"14,511.00"
2026-05-14,992,2026051405014689,USHEC,52,50,24,490.00,"11,760.00"
2026-05-14,993,2026051405014688,USHEC,52,34,10,490.00,"4,900.00"
2026-05-14,994,2026051405014924,USHEC,4,16,10,489.10,"4,891.00"
2026-05-14,995,2026051405014875,USHEC,4,50,10,490.00,"4,900.00"
2026-05-14,996,2026051405014717,USHEC,17,50,50,490.00,"24,500.00"
2026-05-14,997,2026051405014874,USHL,34,13,11,624.50,"6,869.50"
2026-05-14,998,2026051405014845,USHL,25,34,35,611.00,"21,385.00"
2026-05-14,999,2026051405014844,USHL,21,34,45,611.00,"27,495.00"
2026-05-14,1000,2026051405014856,VLUCL,17,38,10,473.00,"4,730.00"
2026-05-14,1001,2026051405014126,AHL,19,56,10,510.00,"5,100.00"
2026-05-14,1002,2026051405014120,AHL,58,74,20,510.50,"10,210.00"
2026-05-14,1003,2026051405014119,AHL,49,74,18,510.50,"9,189.00"
2026-05-14,1004,2026051405014466,BEDC,17,49,100,360.00,"36,000.00"
2026-05-14,1005,2026051405014396,BEDC,17,49,200,360.00,"72,000.00"
2026-05-14,1006,2026051405014395,BEDC,25,49,50,360.00,"18,000.00"
2026-05-14,1007,2026051405014394,BEDC,57,49,20,360.50,"7,210.00"
2026-05-14,1008,2026051405014317,BEDC,57,16,60,360.50,"21,630.00"
2026-05-14,1009,2026051405014515,BGWT,47,96,11,660.00,"7,260.00"
2026-05-14,1010,2026051405014166,BGWT,47,74,10,665.00,"6,650.00"
2026-05-14,1011,2026051405014165,BGWT,47,33,490,664.50,"325,605.00"
2026-05-14,1012,2026051405014601,BHDC,38,84,19,456.50,"8,673.50"
2026-05-14,1013,2026051405014600,BHDC,21,84,120,456.50,"54,780.00"
2026-05-14,1014,2026051405014379,BHL,54,50,300,221.50,"66,450.00"
2026-05-14,1015,2026051405014341,BHL,54,49,44,221.50,"9,746.00"
2026-05-14,1016,2026051405014314,BHL,17,33,44,221.90,"9,763.60"
2026-05-14,1017,2026051405014313,BHL,17,42,56,221.70,"12,415.20"
2026-05-14,1018,2026051405014272,BHL,17,42,27,221.70,"5,985.90"
2026-05-14,1019,2026051405014271,BHL,17,39,73,221.60,"16,176.80"
2026-05-14,1020,2026051405014160,BHL,54,45,300,221.50,"66,450.00"
2026-05-14,1021,2026051405014155,BHL,54,52,200,221.50,"44,300.00"
2026-05-14,1022,2026051405014135,BHL,17,42,100,221.60,"22,160.00"
2026-05-14,1023,2026051405014111,BHL,38,42,380,221.60,"84,208.00"
2026-05-14,1024,2026051405014110,BHL,38,49,20,221.60,"4,432.00"
2026-05-14,1025,2026051405014256,BHL,58,39,27,221.60,"5,983.20"
2026-05-14,1026,2026051405014238,BHL,16,42,10,221.70,"2,217.00"
2026-05-14,1027,2026051405014237,BHL,16,66,309,221.70,"68,505.30"
2026-05-14,1028,2026051405014230,BHL,17,66,100,221.70,"22,170.00"
2026-05-14,1029,2026051405014221,BHL,54,42,20,221.50,"4,430.00"
2026-05-14,1030,2026051405014218,BHL,54,49,"1,000",221.50,"221,500.00"
2026-05-14,1031,2026051405014496,BHPL,1,56,140,512.10,"71,694.00"
2026-05-14,1032,2026051405014404,BHPL,54,56,200,514.50,"102,900.00"
2026-05-14,1033,2026051405014112,BHPL,58,57,18,515.00,"9,270.00"
2026-05-14,1034,2026051405014542,BNHC,25,6,10,322.00,"3,220.00"
2026-05-14,1035,2026051405014490,CHDC,46,5,100,"2,270.00","227,000.00"
2026-05-14,1036,2026051405014387,CIT,34,5,16,"1,767.00","28,272.00"
2026-05-14,1037,2026051405014386,CIT,34,48,34,"1,766.00","60,044.00"
2026-05-14,1038,2026051405014309,CIT,58,48,66,"1,766.00","116,556.00"
2026-05-14,1039,2026051405014482,CLI,56,10,13,452.60,"5,883.80"
2026-05-14,1040,2026051405014345,CLI,57,45,13,452.50,"5,882.50"
2026-05-14,1041,2026051405014329,CLI,57,1,50,452.50,"22,625.00"
2026-05-14,1042,2026051405014137,CLI,91,54,1,450.00,450.00
2026-05-14,1043,2026051405014478,DOLTI,4,56,80,346.10,"27,688.00"
2026-05-14,1044,2026051405014477,DOLTI,38,56,200,346.20,"69,240.00"
2026-05-14,1045,2026051405014476,DOLTI,22,56,60,346.20,"20,772.00"
2026-05-14,1046,2026051405014475,DOLTI,89,56,100,346.70,"34,670.00"
2026-05-14,1047,2026051405014330,DOLTI,14,56,100,347.00,"34,700.00"
2026-05-14,1048,2026051405014321,DOLTI,1,56,453,347.00,"157,191.00"
2026-05-14,1049,2026051405014215,DOLTI,87,41,100,347.50,"34,750.00"
2026-05-14,1050,2026051405014117,DOLTI,1,16,10,347.00,"3,470.00"
2026-05-14,1051,2026051405014456,DORDI,84,45,500,271.20,"135,600.00"
2026-05-14,1052,2026051405014455,DORDI,35,45,20,271.30,"5,426.00"
2026-05-14,1053,2026051405014454,DORDI,8,45,100,271.50,"27,150.00"
2026-05-14,1054,2026051405014453,DORDI,57,45,100,271.50,"27,150.00"
2026-05-14,1055,2026051405014244,DORDI,51,45,30,272.00,"8,160.00"
2026-05-14,1056,2026051405014400,EHPL,87,7,32,379.90,"12,156.80"
2026-05-14,1057,2026051405014399,EHPL,87,34,10,379.90,"3,799.00"
2026-05-14,1058,2026051405014398,EHPL,87,51,233,379.70,"88,470.10"
2026-05-14,1059,2026051405014397,EHPL,87,38,200,379.60,"75,920.00"
2026-05-14,1060,2026051405014299,EHPL,42,51,17,379.70,"6,454.90"
2026-05-14,1061,2026051405014298,EHPL,42,1,100,379.00,"37,900.00"
2026-05-14,1062,2026051405014264,EHPL,42,57,94,377.00,"35,438.00"
2026-05-14,1063,2026051405014243,EHPL,42,1,180,377.00,"67,860.00"
2026-05-14,1064,2026051405014297,EHPL,42,62,100,379.00,"37,900.00"
2026-05-14,1065,2026051405014296,EHPL,42,42,163,379.00,"61,777.00"
2026-05-14,1066,2026051405014295,EHPL,42,10,100,378.90,"37,890.00"
2026-05-14,1067,2026051405014294,EHPL,42,6,50,378.90,"18,945.00"
2026-05-14,1068,2026051405014293,EHPL,42,36,20,378.50,"7,570.00"
2026-05-14,1069,2026051405014292,EHPL,42,90,250,378.00,"94,500.00"
2026-05-14,1070,2026051405014528,GCIL,32,17,20,416.00,"8,320.00"
2026-05-14,1071,2026051405014526,GCIL,8,96,37,414.70,"15,343.90"
2026-05-14,1072,2026051405014491,GCIL,8,10,12,414.70,"4,976.40"
2026-05-14,1073,2026051405014288,GVL,25,16,11,482.00,"5,302.00"
2026-05-14,1074,2026051405014366,HATHY,54,34,20,799.00,"15,980.00"
2026-05-14,1075,2026051405014365,HATHY,52,34,19,799.00,"15,181.00"
2026-05-14,1076,2026051405014337,HATHY,52,49,17,799.00,"13,583.00"
2026-05-14,1077,2026051405014123,HATHY,38,49,2,800.00,"1,600.00"
2026-05-14,1078,2026051405014598,HDL,21,26,24,"1,158.00","27,792.00"
2026-05-14,1079,2026051405014533,HDL,66,49,10,"1,157.00","11,570.00"
2026-05-14,1080,2026051405014532,HDL,66,56,249,"1,157.00","288,093.00"
2026-05-14,1081,2026051405014153,HDL,29,42,10,"1,157.00","11,570.00"
2026-05-14,1082,2026051405014219,HDL,4,42,74,"1,157.00","85,618.00"
2026-05-14,1083,2026051405014265,HDL,4,46,12,"1,158.00","13,896.00"
2026-05-14,1084,2026051405014220,HDL,4,69,100,"1,157.00","115,700.00"
2026-05-14,1085,2026051405014384,HHL,22,64,195,372.00,"72,540.00"
2026-05-14,1086,2026051405014326,HHL,34,64,225,372.00,"83,700.00"
2026-05-14,1087,2026051405014158,HHL,38,57,80,371.00,"29,680.00"
2026-05-14,1088,2026051405014157,HHL,38,56,70,371.00,"25,970.00"
2026-05-14,1089,2026051405014277,HIDCL,32,45,10,269.00,"2,690.00"
2026-05-14,1090,2026051405014269,HIDCL,62,32,41,267.10,"10,951.10"
2026-05-14,1091,2026051405014159,HIDCL,32,45,10,269.00,"2,690.00"
2026-05-14,1092,2026051405014128,HIDCL,36,45,200,267.00,"53,400.00"
2026-05-14,1093,2026051405014597,HRL,58,52,14,628.00,"8,792.00"
2026-05-14,1094,2026051405014596,HRL,35,52,79,628.00,"49,612.00"
2026-05-14,1095,2026051405014595,HRL,34,52,30,628.00,"18,840.00"
2026-05-14,1096,2026051405014594,HRL,42,52,10,628.00,"6,280.00"
2026-05-14,1097,2026051405014593,HRL,1,52,200,628.00,"125,600.00"
2026-05-14,1098,2026051405014592,HRL,42,52,11,628.00,"6,908.00"
2026-05-14,1099,2026051405014154,HRL,46,29,10,628.90,"6,289.00"
2026-05-14,1100,2026051405014124,HRL,42,58,32,628.00,"20,096.00"
2026-05-14,1101,2026051405014106,HRL,42,38,10,628.00,"6,280.00"
2026-05-14,1102,2026051405014156,HRL,47,29,50,628.90,"31,445.00"
2026-05-14,1103,2026051405014203,HRL,57,49,109,628.10,"68,462.90"
2026-05-14,1104,2026051405014191,HRL,57,29,480,628.10,"301,488.00"
2026-05-14,1105,2026051405014190,HRL,45,29,20,628.80,"12,576.00"
2026-05-14,1106,2026051405014227,HRL,1,19,20,628.00,"12,560.00"
2026-05-14,1107,2026051405014226,HRL,50,19,12,628.00,"7,536.00"
2026-05-14,1108,2026051405014225,HRL,43,19,60,628.00,"37,680.00"
2026-05-14,1109,2026051405014224,HRL,57,19,161,628.10,"101,124.10"
2026-05-14,1110,2026051405014223,HRL,42,19,10,628.90,"6,289.00"
2026-05-14,1111,2026051405014204,HRL,42,29,40,628.90,"25,156.00"
2026-05-14,1112,2026051405014245,HRL,6,51,32,628.90,"20,124.80"
2026-05-14,1113,2026051405014242,HRL,5,52,10,628.10,"6,281.00"
2026-05-14,1114,2026051405014241,HRL,13,59,2,628.00,"1,256.00"
2026-05-14,1115,2026051405014240,HRL,13,58,43,628.00,"27,004.00"
2026-05-14,1116,2026051405014229,HRL,13,19,455,628.00,"285,740.00"
2026-05-14,1117,2026051405014228,HRL,58,19,200,628.00,"125,600.00"
2026-05-14,1118,2026051405014319,HRL,41,21,15,628.50,"9,427.50"
2026-05-14,1119,2026051405014312,HRL,5,62,229,628.20,"143,857.80"
2026-05-14,1120,2026051405014287,HRL,22,21,20,628.50,"12,570.00"
2026-05-14,1121,2026051405014258,HRL,22,41,10,628.50,"6,285.00"
2026-05-14,1122,2026051405014246,HRL,6,57,18,629.00,"11,322.00"
2026-05-14,1123,2026051405014344,HRL,41,35,20,628.20,"12,564.00"
2026-05-14,1124,2026051405014334,HRL,38,47,99,628.10,"62,181.90"
2026-05-14,1125,2026051405014333,HRL,89,47,10,628.10,"6,281.00"
2026-05-14,1126,2026051405014332,HRL,17,47,10,628.20,"6,282.00"
2026-05-14,1127,2026051405014331,HRL,5,47,31,628.20,"19,474.20"
2026-05-14,1128,2026051405014413,HRL,16,58,30,628.20,"18,846.00"
2026-05-14,1129,2026051405014393,HRL,41,58,45,628.40,"28,278.00"
2026-05-14,1130,2026051405014382,HRL,52,58,345,628.40,"216,798.00"
2026-05-14,1131,2026051405014381,HRL,52,42,100,628.20,"62,820.00"
2026-05-14,1132,2026051405014380,HRL,52,35,30,628.20,"18,846.00"
2026-05-14,1133,2026051405014376,HRL,38,41,200,628.10,"125,620.00"
2026-05-14,1134,2026051405014428,HRL,42,56,560,628.20,"351,792.00"
2026-05-14,1135,2026051405014426,HRL,42,58,240,628.20,"150,768.00"
2026-05-14,1136,2026051405014425,HRL,42,77,80,628.10,"50,248.00"
2026-05-14,1137,2026051405014417,HRL,4,77,20,628.10,"12,562.00"
2026-05-14,1138,2026051405014416,HRL,17,57,199,628.10,"124,991.90"
2026-05-14,1139,2026051405014415,HRL,38,57,201,628.10,"126,248.10"
2026-05-14,1140,2026051405014434,HRL,6,56,500,628.00,"314,000.00"
2026-05-14,1141,2026051405014433,HRL,19,56,45,628.00,"28,260.00"
2026-05-14,1142,2026051405014432,HRL,3,56,10,628.00,"6,280.00"
2026-05-14,1143,2026051405014431,HRL,39,56,50,628.00,"31,400.00"
2026-05-14,1144,2026051405014430,HRL,36,56,100,628.00,"62,800.00"
2026-05-14,1145,2026051405014429,HRL,38,56,100,628.00,"62,800.00"
2026-05-14,1146,2026051405014470,HRL,38,59,20,628.10,"12,562.00"
2026-05-14,1147,2026051405014439,HRL,13,56,186,628.00,"116,808.00"
2026-05-14,1148,2026051405014438,HRL,49,56,200,628.00,"125,600.00"
2026-05-14,1149,2026051405014437,HRL,48,56,224,628.00,"140,672.00"
2026-05-14,1150,2026051405014436,HRL,18,56,10,628.00,"6,280.00"
2026-05-14,1151,2026051405014435,HRL,34,56,15,628.00,"9,420.00"
2026-05-14,1152,2026051405014531,HRL,59,45,50,628.20,"31,410.00"
2026-05-14,1153,2026051405014522,HRL,29,45,25,628.20,"15,705.00"
2026-05-14,1154,2026051405014521,HRL,44,45,100,628.20,"62,820.00"
2026-05-14,1155,2026051405014504,HRL,48,45,50,628.20,"31,410.00"
2026-05-14,1156,2026051405014473,HRL,53,7,32,628.10,"20,099.20"
2026-05-14,1157,2026051405014471,HRL,53,49,97,628.10,"60,925.70"
2026-05-14,1158,2026051405014579,HRL,40,34,201,628.10,"126,248.10"
2026-05-14,1159,2026051405014578,HRL,42,72,30,628.00,"18,840.00"
2026-05-14,1160,2026051405014546,HRL,42,57,140,628.00,"87,920.00"
2026-05-14,1161,2026051405014545,HRL,13,57,314,628.00,"197,192.00"
2026-05-14,1162,2026051405014544,HRL,53,57,46,628.10,"28,892.60"
2026-05-14,1163,2026051405014543,HRL,58,45,160,628.20,"100,512.00"
2026-05-14,1164,2026051405014591,HRL,49,52,54,628.00,"33,912.00"
2026-05-14,1165,2026051405014590,HRL,35,52,100,628.00,"62,800.00"
2026-05-14,1166,2026051405014589,HRL,42,52,50,628.00,"31,400.00"
2026-05-14,1167,2026051405014588,HRL,45,52,11,628.00,"6,908.00"
2026-05-14,1168,2026051405014587,HRL,42,52,30,628.00,"18,840.00"
2026-05-14,1169,2026051405014586,HRL,40,52,11,628.10,"6,909.10"
2026-05-14,1170,2026051405014585,IHL,49,11,126,394.10,"49,656.60"
2026-05-14,1171,2026051405014584,IHL,49,11,100,394.20,"39,420.00"
2026-05-14,1172,2026051405014583,IHL,36,11,50,394.20,"19,710.00"
2026-05-14,1173,2026051405014582,IHL,49,11,63,394.20,"24,834.60"
2026-05-14,1174,2026051405014581,IHL,16,11,200,394.50,"78,900.00"
2026-05-14,1175,2026051405014580,IHL,58,11,25,394.50,"9,862.50"
2026-05-14,1176,2026051405014202,IHL,58,41,13,395.00,"5,135.00"
2026-05-14,1177,2026051405014130,IHL,58,41,10,395.00,"3,950.00"
2026-05-14,1178,2026051405014495,IHL,11,49,10,396.00,"3,960.00"
2026-05-14,1179,2026051405014457,IHL,11,49,100,395.00,"39,500.00"
2026-05-14,1180,2026051405014358,IHL,49,41,37,394.20,"14,585.40"
2026-05-14,1181,2026051405014530,ILI,50,79,12,433.70,"5,204.40"
2026-05-14,1182,2026051405014479,ILI,35,13,12,433.80,"5,205.60"
2026-05-14,1183,2026051405014239,ILI,50,63,12,433.70,"5,204.40"
2026-05-14,1184,2026051405014122,ILI,33,38,12,433.60,"5,203.20"
2026-05-14,1185,2026051405014557,KDBY,34,42,"4,180",11.40,"47,652.00"
2026-05-14,1186,2026051405014556,KDBY,34,58,300,11.37,"3,411.00"
2026-05-14,1187,2026051405014440,MAKAR,6,96,10,489.00,"4,890.00"
2026-05-14,1188,2026051405014392,MAKAR,6,38,10,489.00,"4,890.00"
2026-05-14,1189,2026051405014283,MAKAR,6,72,53,489.00,"25,917.00"
2026-05-14,1190,2026051405014282,MAKAR,58,72,305,489.00,"149,145.00"
2026-05-14,1191,2026051405014281,MAKAR,42,72,77,489.10,"37,660.70"
2026-05-14,1192,2026051405014280,MAKAR,41,72,65,490.00,"31,850.00"
2026-05-14,1193,2026051405014419,MANDU,28,74,50,814.00,"40,700.00"
2026-05-14,1194,2026051405014418,MANDU,28,48,50,814.00,"40,700.00"
2026-05-14,1195,2026051405014452,MBJC,49,6,10,282.40,"2,824.00"
2026-05-14,1196,2026051405014372,MBJC,49,45,10,282.40,"2,824.00"
2026-05-14,1197,2026051405014315,MBJC,49,38,40,282.40,"11,296.00"
2026-05-14,1198,2026051405014291,MBJC,49,41,10,282.40,"2,824.00"
2026-05-14,1199,2026051405014251,MBJC,49,58,10,282.40,"2,824.00"
2026-05-14,1200,2026051405014116,MBJC,38,45,10,282.30,"2,823.00"
2026-05-14,1201,2026051405014222,MCHL,14,56,468,309.50,"144,846.00"
2026-05-14,1202,2026051405014403,MEHL,38,96,10,375.00,"3,750.00"
2026-05-14,1203,2026051405014152,MEHL,42,51,10,376.00,"3,760.00"
2026-05-14,1204,2026051405014151,MEHL,42,51,10,376.10,"3,761.00"
2026-05-14,1205,2026051405014150,MEHL,42,51,10,376.20,"3,762.00"
2026-05-14,1206,2026051405014149,MEHL,42,51,10,376.30,"3,763.00"
2026-05-14,1207,2026051405014148,MEHL,19,51,125,376.50,"47,062.50"
2026-05-14,1208,2026051405014147,MEHL,36,51,10,376.60,"3,766.00"
2026-05-14,1209,2026051405014145,MEL,29,38,10,224.70,"2,247.00"
2026-05-14,1210,2026051405014178,MEL,58,47,498,227.00,"113,046.00"
2026-05-14,1211,2026051405014177,MEL,58,6,10,227.00,"2,270.00"
2026-05-14,1212,2026051405014176,MEL,58,58,590,227.00,"133,930.00"
2026-05-14,1213,2026051405014175,MEL,58,48,599,226.90,"135,913.10"
2026-05-14,1214,2026051405014174,MEL,58,54,60,226.90,"13,614.00"
2026-05-14,1215,2026051405014184,MEL,58,57,10,228.00,"2,280.00"
2026-05-14,1216,2026051405014183,MEL,58,7,10,228.00,"2,280.00"
2026-05-14,1217,2026051405014182,MEL,58,52,10,228.00,"2,280.00"
2026-05-14,1218,2026051405014181,MEL,58,58,10,228.00,"2,280.00"
2026-05-14,1219,2026051405014180,MEL,58,18,10,227.00,"2,270.00"
2026-05-14,1220,2026051405014179,MEL,58,32,10,227.00,"2,270.00"
2026-05-14,1221,2026051405014187,MEL,58,36,10,228.00,"2,280.00"
2026-05-14,1222,2026051405014186,MEL,58,53,200,228.00,"45,600.00"
2026-05-14,1223,2026051405014185,MEL,58,58,10,228.00,"2,280.00"
2026-05-14,1224,2026051405014324,MEL,58,45,10,228.60,"2,286.00"
2026-05-14,1225,2026051405014325,MEL,58,13,995,228.80,"227,656.00"
2026-05-14,1226,2026051405014541,MHCL,49,38,10,348.00,"3,480.00"
2026-05-14,1227,2026051405014389,MHCL,42,96,19,347.60,"6,604.40"
2026-05-14,1228,2026051405014328,MHCL,62,96,11,347.70,"3,824.70"
2026-05-14,1229,2026051405014307,MMKJL,36,96,10,485.50,"4,855.00"
2026-05-14,1230,2026051405014248,MMKJL,40,34,10,489.90,"4,899.00"
2026-05-14,1231,2026051405014136,MMKJL,36,36,10,485.50,"4,855.00"
2026-05-14,1232,2026051405014342,MSHL,51,34,10,681.40,"6,814.00"
2026-05-14,1233,2026051405014458,NICSF,48,58,100,9.05,905.00
2026-05-14,1234,2026051405014527,NIFRA,7,57,50,263.00,"13,150.00"
2026-05-14,1235,2026051405014474,NIFRA,7,42,32,263.00,"8,416.00"
2026-05-14,1236,2026051405014335,NIFRA,6,42,12,263.00,"3,156.00"
2026-05-14,1237,2026051405014320,NIFRA,6,57,10,263.00,"2,630.00"
2026-05-14,1238,2026051405014420,NRIC,11,19,13,894.00,"11,622.00"
2026-05-14,1239,2026051405014308,NRIC,45,19,50,894.00,"44,700.00"
2026-05-14,1240,2026051405014284,NRIC,36,19,100,894.00,"89,400.00"
2026-05-14,1241,2026051405014555,NRM,57,41,100,374.00,"37,400.00"
2026-05-14,1242,2026051405014554,NRM,13,41,50,374.00,"18,700.00"
2026-05-14,1243,2026051405014553,NRM,6,41,701,374.00,"262,174.00"
2026-05-14,1244,2026051405014552,NRM,41,41,10,374.00,"3,740.00"
2026-05-14,1245,2026051405014551,NRM,45,41,10,374.10,"3,741.00"
2026-05-14,1246,2026051405014550,NRM,1,41,90,374.30,"33,687.00"
2026-05-14,1247,2026051405014200,NRM,58,58,20,375.00,"7,500.00"
2026-05-14,1248,2026051405014199,NRM,58,14,10,375.00,"3,750.00"
2026-05-14,1249,2026051405014189,NRM,41,14,10,375.00,"3,750.00"
2026-05-14,1250,2026051405014125,NRM,41,14,10,375.00,"3,750.00"
2026-05-14,1251,2026051405014105,NRM,13,14,30,375.00,"11,250.00"
2026-05-14,1252,2026051405014549,NRM,52,41,30,374.40,"11,232.00"
2026-05-14,1253,2026051405014467,NRM,1,34,10,374.30,"3,743.00"
2026-05-14,1254,2026051405014451,NRM,33,58,20,375.00,"7,500.00"
2026-05-14,1255,2026051405014385,NRM,6,58,100,375.00,"37,500.00"
2026-05-14,1256,2026051405014316,NRM,47,58,20,375.00,"7,500.00"
2026-05-14,1257,2026051405014285,NRM,35,96,20,374.40,"7,488.00"
2026-05-14,1258,2026051405014548,NRN,20,45,190,"1,362.00","258,780.00"
2026-05-14,1259,2026051405014547,NRN,38,45,10,"1,362.10","13,621.00"
2026-05-14,1260,2026051405014192,NRN,32,32,50,"1,365.10","68,255.00"
2026-05-14,1261,2026051405014197,NRN,100,32,40,"1,365.00","54,600.00"
2026-05-14,1262,2026051405014196,NRN,91,32,20,"1,365.00","27,300.00"
2026-05-14,1263,2026051405014195,NRN,74,32,10,"1,365.00","13,650.00"
2026-05-14,1264,2026051405014194,NRN,13,32,65,"1,365.00","88,725.00"
2026-05-14,1265,2026051405014193,NRN,45,32,10,"1,365.00","13,650.00"
2026-05-14,1266,2026051405014348,NRN,91,56,68,"1,365.00","92,820.00"
2026-05-14,1267,2026051405014347,NRN,17,56,20,"1,365.10","27,302.00"
2026-05-14,1268,2026051405014250,NRN,91,44,40,"1,365.00","54,600.00"
2026-05-14,1269,2026051405014232,NRN,34,35,62,"1,364.00","84,568.00"
2026-05-14,1270,2026051405014354,NRN,22,56,50,"1,361.00","68,050.00"
2026-05-14,1271,2026051405014353,NRN,58,56,118,"1,361.10","160,609.80"
2026-05-14,1272,2026051405014352,NRN,58,56,500,"1,361.50","680,750.00"
2026-05-14,1273,2026051405014351,NRN,34,56,700,"1,364.00","954,800.00"
2026-05-14,1274,2026051405014350,NRN,42,56,10,"1,364.00","13,640.00"
2026-05-14,1275,2026051405014349,NRN,34,56,18,"1,364.00","24,552.00"
2026-05-14,1276,2026051405014489,NRN,20,56,120,"1,362.00","163,440.00"
2026-05-14,1277,2026051405014488,NRN,38,56,10,"1,362.10","13,621.00"
2026-05-14,1278,2026051405014371,NRN,58,56,70,"1,360.60","95,242.00"
2026-05-14,1279,2026051405014355,NRN,18,56,10,"1,361.00","13,610.00"
2026-05-14,1280,2026051405014570,NTC,57,34,40,890.50,"35,620.00"
2026-05-14,1281,2026051405014524,NTC,57,42,30,890.00,"26,700.00"
2026-05-14,1282,2026051405014501,NTC,57,42,42,889.40,"37,354.80"
2026-05-14,1283,2026051405014370,NTC,19,42,40,889.40,"35,576.00"
2026-05-14,1284,2026051405014364,NTC,52,42,200,889.40,"177,880.00"
2026-05-14,1285,2026051405014363,NTC,51,42,25,889.40,"22,235.00"
2026-05-14,1286,2026051405014362,NTC,35,42,15,889.50,"13,342.50"
2026-05-14,1287,2026051405014361,NTC,46,42,10,889.60,"8,896.00"
2026-05-14,1288,2026051405014360,NTC,57,42,48,889.70,"42,705.60"
2026-05-14,1289,2026051405014359,NTC,19,42,20,889.80,"17,796.00"
2026-05-14,1290,2026051405014214,NTC,58,58,60,890.00,"53,400.00"
2026-05-14,1291,2026051405014144,NTC,42,42,41,890.00,"36,490.00"
2026-05-14,1292,2026051405014327,NYADI,44,41,20,386.50,"7,730.00"
2026-05-14,1293,2026051405014290,NYADI,44,4,25,386.30,"9,657.50"
2026-05-14,1294,2026051405014339,PHCL,85,6,100,306.00,"30,600.00"
2026-05-14,1295,2026051405014338,PHCL,85,58,170,306.00,"52,020.00"
2026-05-14,1296,2026051405014311,PHCL,5,58,100,306.00,"30,600.00"
2026-05-14,1297,2026051405014577,PPL,38,42,219,354.90,"77,723.10"
2026-05-14,1298,2026051405014576,PPL,38,47,90,354.80,"31,932.00"
2026-05-14,1299,2026051405014575,PPL,38,58,10,354.00,"3,540.00"
2026-05-14,1300,2026051405014574,PPL,38,56,70,353.00,"24,710.00"
2026-05-14,1301,2026051405014573,PPL,38,32,14,353.00,"4,942.00"
2026-05-14,1302,2026051405014572,PPL,38,56,70,352.00,"24,640.00"
2026-05-14,1303,2026051405014300,PPL,38,7,15,346.90,"5,203.50"
2026-05-14,1304,2026051405014306,PPL,38,48,95,348.30,"33,088.50"
2026-05-14,1305,2026051405014305,PPL,38,56,30,348.00,"10,440.00"
2026-05-14,1306,2026051405014304,PPL,38,95,500,347.00,"173,500.00"
2026-05-14,1307,2026051405014303,PPL,38,49,10,347.00,"3,470.00"
2026-05-14,1308,2026051405014302,PPL,38,6,300,346.90,"104,070.00"
2026-05-14,1309,2026051405014301,PPL,38,49,50,346.90,"17,345.00"
2026-05-14,1310,2026051405014459,PPL,38,94,78,349.00,"27,222.00"
2026-05-14,1311,2026051405014412,PPL,38,94,72,349.00,"25,128.00"
2026-05-14,1312,2026051405014411,PPL,38,3,10,348.80,"3,488.00"
2026-05-14,1313,2026051405014410,PPL,38,34,213,348.60,"74,251.80"
2026-05-14,1314,2026051405014409,PPL,38,72,500,348.50,"174,250.00"
2026-05-14,1315,2026051405014408,PPL,38,48,205,348.30,"71,401.50"
2026-05-14,1316,2026051405014487,PPL,38,49,158,350.70,"55,410.60"
2026-05-14,1317,2026051405014486,PPL,38,39,15,350.00,"5,250.00"
2026-05-14,1318,2026051405014485,PPL,38,45,155,350.00,"54,250.00"
2026-05-14,1319,2026051405014484,PPL,38,6,94,350.00,"32,900.00"
2026-05-14,1320,2026051405014483,PPL,38,50,578,350.00,"202,300.00"
2026-05-14,1321,2026051405014460,PPL,38,50,922,350.00,"322,700.00"
2026-05-14,1322,2026051405014571,PPL,38,35,527,352.00,"185,504.00"
2026-05-14,1323,2026051405014529,PPL,34,6,510,345.00,"175,950.00"
2026-05-14,1324,2026051405014519,PPL,38,35,43,352.00,"15,136.00"
2026-05-14,1325,2026051405014518,PPL,38,58,15,351.20,"5,268.00"
2026-05-14,1326,2026051405014517,PPL,38,49,842,350.70,"295,289.40"
2026-05-14,1327,2026051405014516,PPL,38,48,100,349.90,"34,990.00"
2026-05-14,1328,2026051405014336,PSF,17,79,500,12.12,"6,060.00"
2026-05-14,1329,2026051405014249,PSF,17,58,100,12.12,"1,212.00"
2026-05-14,1330,2026051405014424,RFPL,29,6,390,367.30,"143,247.00"
2026-05-14,1331,2026051405014423,RFPL,42,6,80,367.30,"29,384.00"
2026-05-14,1332,2026051405014422,RFPL,57,6,100,367.40,"36,740.00"
2026-05-14,1333,2026051405014421,RFPL,74,6,130,367.50,"47,775.00"
2026-05-14,1334,2026051405014173,RFPL,74,64,170,367.50,"62,475.00"
2026-05-14,1335,2026051405014172,RFPL,11,64,130,368.00,"47,840.00"
2026-05-14,1336,2026051405014171,RFPL,65,64,100,368.00,"36,800.00"
2026-05-14,1337,2026051405014170,RFPL,25,64,100,368.00,"36,800.00"
2026-05-14,1338,2026051405014318,RHGCL,45,49,10,292.60,"2,926.00"
2026-05-14,1339,2026051405014252,RHGCL,64,1,402,295.00,"118,590.00"
2026-05-14,1340,2026051405014213,RHGCL,64,64,"2,000",295.00,"590,000.00"
2026-05-14,1341,2026051405014212,RHGCL,64,58,40,295.00,"11,800.00"
2026-05-14,1342,2026051405014211,RHGCL,64,50,200,295.00,"59,000.00"
2026-05-14,1343,2026051405014210,RHGCL,64,36,284,294.90,"83,751.60"
2026-05-14,1344,2026051405014209,RHGCL,64,45,74,294.80,"21,815.20"
2026-05-14,1345,2026051405014568,RNLI,36,44,10,458.00,"4,580.00"
2026-05-14,1346,2026051405014391,RNLI,36,45,12,458.00,"5,496.00"
2026-05-14,1347,2026051405014310,RNLI,36,42,14,458.00,"6,412.00"
2026-05-14,1348,2026051405014233,RNLI,36,34,10,458.00,"4,580.00"
2026-05-14,1349,2026051405014129,RNLI,36,45,12,458.00,"5,496.00"
2026-05-14,1350,2026051405014569,SAHAS,64,14,50,668.30,"33,415.00"
2026-05-14,1351,2026051405014567,SAHAS,4,1,9,665.00,"5,985.00"
2026-05-14,1352,2026051405014565,SAHAS,42,45,63,668.00,"42,084.00"
2026-05-14,1353,2026051405014564,SAHAS,57,45,"1,000",668.00,"668,000.00"
2026-05-14,1354,2026051405014563,SAHAS,58,45,87,668.00,"58,116.00"
2026-05-14,1355,2026051405014562,SAHAS,87,45,250,668.00,"167,000.00"
2026-05-14,1356,2026051405014205,SAHAS,41,39,17,667.00,"11,339.00"
2026-05-14,1357,2026051405014169,SAHAS,66,39,474,668.00,"316,632.00"
2026-05-14,1358,2026051405014168,SAHAS,66,58,13,667.00,"8,671.00"
2026-05-14,1359,2026051405014167,SAHAS,66,32,13,667.00,"8,671.00"
2026-05-14,1360,2026051405014127,SAHAS,41,32,43,667.00,"28,681.00"
2026-05-14,1361,2026051405014115,SAHAS,77,32,100,667.00,"66,700.00"
2026-05-14,1362,2026051405014247,SAHAS,66,81,500,667.00,"333,500.00"
2026-05-14,1363,2026051405014236,SAHAS,48,49,793,668.00,"529,724.00"
2026-05-14,1364,2026051405014235,SAHAS,48,39,207,668.00,"138,276.00"
2026-05-14,1365,2026051405014217,SAHAS,58,51,33,666.90,"22,007.70"
2026-05-14,1366,2026051405014216,SAHAS,95,51,17,667.00,"11,339.00"
2026-05-14,1367,2026051405014208,SAHAS,95,39,"1,983",667.00,"1,322,661.00"
2026-05-14,1368,2026051405014274,SAHAS,58,13,10,668.00,"6,680.00"
2026-05-14,1369,2026051405014273,SAHAS,7,13,10,668.00,"6,680.00"
2026-05-14,1370,2026051405014266,SAHAS,57,45,13,667.00,"8,671.00"
2026-05-14,1371,2026051405014255,SAHAS,66,49,50,668.00,"33,400.00"
2026-05-14,1372,2026051405014254,SAHAS,66,10,314,668.00,"209,752.00"
2026-05-14,1373,2026051405014253,SAHAS,66,49,129,668.00,"86,172.00"
2026-05-14,1374,2026051405014343,SAHAS,52,57,20,668.00,"13,360.00"
2026-05-14,1375,2026051405014340,SAHAS,41,57,100,668.00,"66,800.00"
2026-05-14,1376,2026051405014323,SAHAS,49,4,440,667.10,"293,524.00"
2026-05-14,1377,2026051405014322,SAHAS,56,4,60,667.10,"40,026.00"
2026-05-14,1378,2026051405014286,SAHAS,60,57,325,668.00,"217,100.00"
2026-05-14,1379,2026051405014275,SAHAS,58,57,40,668.00,"26,720.00"
2026-05-14,1380,2026051405014390,SAHAS,100,66,84,668.00,"56,112.00"
2026-05-14,1381,2026051405014378,SAHAS,100,49,80,668.00,"53,440.00"
2026-05-14,1382,2026051405014377,SAHAS,100,70,236,668.00,"157,648.00"
2026-05-14,1383,2026051405014375,SAHAS,21,70,64,668.00,"42,752.00"
2026-05-14,1384,2026051405014374,SAHAS,21,11,21,668.00,"14,028.00"
2026-05-14,1385,2026051405014373,SAHAS,21,57,15,668.00,"10,020.00"
2026-05-14,1386,2026051405014414,SAHAS,21,49,200,668.50,"133,700.00"
2026-05-14,1387,2026051405014407,SAHAS,42,38,3,668.00,"2,004.00"
2026-05-14,1388,2026051405014406,SAHAS,42,45,13,668.00,"8,684.00"
2026-05-14,1389,2026051405014405,SAHAS,42,33,84,668.00,"56,112.00"
2026-05-14,1390,2026051405014402,SAHAS,42,19,900,668.00,"601,200.00"
2026-05-14,1391,2026051405014401,SAHAS,58,19,100,668.00,"66,800.00"
2026-05-14,1392,2026051405014499,SAHAS,42,6,155,668.00,"103,540.00"
2026-05-14,1393,2026051405014498,SAHAS,42,57,145,668.00,"96,860.00"
2026-05-14,1394,2026051405014497,SAHAS,41,33,17,668.00,"11,356.00"
2026-05-14,1395,2026051405014481,SAHAS,41,16,233,668.00,"155,644.00"
2026-05-14,1396,2026051405014480,SAHAS,58,16,17,668.00,"11,356.00"
2026-05-14,1397,2026051405014427,SAHAS,17,28,660,668.50,"441,210.00"
2026-05-14,1398,2026051405014561,SAHAS,87,45,500,668.10,"334,050.00"
2026-05-14,1399,2026051405014560,SAHAS,42,45,100,668.10,"66,810.00"
2026-05-14,1400,2026051405014523,SAHAS,4,49,5,665.00,"3,325.00"
2026-05-14,1401,2026051405014520,SAHAS,32,14,100,668.30,"66,830.00"
2026-05-14,1402,2026051405014503,SAHAS,80,14,460,668.30,"307,418.00"
2026-05-14,1403,2026051405014500,SAHAS,87,6,250,668.00,"167,000.00"
2026-05-14,1404,2026051405014513,SANVI,91,96,259,689.00,"178,451.00"
2026-05-14,1405,2026051405014512,SANVI,91,58,10,689.00,"6,890.00"
2026-05-14,1406,2026051405014511,SANVI,91,58,10,688.00,"6,880.00"
2026-05-14,1407,2026051405014510,SANVI,91,58,10,685.00,"6,850.00"
2026-05-14,1408,2026051405014509,SANVI,91,49,10,685.00,"6,850.00"
2026-05-14,1409,2026051405014508,SANVI,91,58,10,684.90,"6,849.00"
2026-05-14,1410,2026051405014442,SANVI,91,49,10,676.00,"6,760.00"
2026-05-14,1411,2026051405014441,SANVI,91,58,79,675.00,"53,325.00"
2026-05-14,1412,2026051405014234,SANVI,77,58,26,675.00,"17,550.00"
2026-05-14,1413,2026051405014188,SANVI,65,40,100,675.00,"67,500.00"
2026-05-14,1414,2026051405014448,SANVI,91,34,50,680.00,"34,000.00"
2026-05-14,1415,2026051405014447,SANVI,91,65,200,680.00,"136,000.00"
2026-05-14,1416,2026051405014446,SANVI,91,51,27,680.00,"18,360.00"
2026-05-14,1417,2026051405014445,SANVI,91,8,10,677.00,"6,770.00"
2026-05-14,1418,2026051405014444,SANVI,91,8,95,677.00,"64,315.00"
2026-05-14,1419,2026051405014443,SANVI,91,36,180,676.00,"121,680.00"
2026-05-14,1420,2026051405014507,SANVI,91,58,10,682.00,"6,820.00"
2026-05-14,1421,2026051405014506,SANVI,91,91,10,681.00,"6,810.00"
2026-05-14,1422,2026051405014505,SANVI,91,45,50,681.00,"34,050.00"
2026-05-14,1423,2026051405014472,SANVI,91,44,10,680.00,"6,800.00"
2026-05-14,1424,2026051405014450,SANVI,91,1,50,680.00,"34,000.00"
2026-05-14,1425,2026051405014449,SANVI,91,17,10,680.00,"6,800.00"
2026-05-14,1426,2026051405014469,SEF,7,43,"1,300",9.95,"12,935.00"
2026-05-14,1427,2026051405014468,SEF,14,43,535,9.95,"5,323.25"
2026-05-14,1428,2026051405014134,SEF,14,62,"1,491",9.95,"14,835.45"
2026-05-14,1429,2026051405014133,SEF,84,62,909,9.95,"9,044.55"
2026-05-14,1430,2026051405014132,SEF,17,62,500,9.96,"4,980.00"
2026-05-14,1431,2026051405014131,SEF,54,62,100,9.96,996.00
2026-05-14,1432,2026051405014114,SGHC,54,57,30,361.10,"10,833.00"
2026-05-14,1433,2026051405014113,SGHC,58,57,20,362.00,"7,240.00"
2026-05-14,1434,2026051405014599,SHIVM,58,43,27,675.00,"18,225.00"
2026-05-14,1435,2026051405014559,SHIVM,58,43,40,675.00,"27,000.00"
2026-05-14,1436,2026051405014558,SHIVM,58,8,10,674.90,"6,749.00"
2026-05-14,1437,2026051405014388,SHIVM,17,43,500,675.00,"337,500.00"
2026-05-14,1438,2026051405014357,SHIVM,58,34,73,674.00,"49,202.00"
2026-05-14,1439,2026051405014356,SHIVM,50,34,10,674.00,"6,740.00"
2026-05-14,1440,2026051405014262,SHIVM,72,43,23,675.00,"15,525.00"
2026-05-14,1441,2026051405014261,SHIVM,72,42,447,675.00,"301,725.00"
2026-05-14,1442,2026051405014260,SHIVM,72,43,200,675.00,"135,000.00"
2026-05-14,1443,2026051405014259,SHIVM,72,34,130,674.90,"87,737.00"
2026-05-14,1444,2026051405014146,SHIVM,58,43,83,674.00,"55,942.00"
2026-05-14,1445,2026051405014118,SHIVM,74,43,"1,000",674.00,"674,000.00"
2026-05-14,1446,2026051405014465,SIKLES,13,91,23,576.00,"13,248.00"
2026-05-14,1447,2026051405014464,SIKLES,22,91,50,576.00,"28,800.00"
2026-05-14,1448,2026051405014463,SIKLES,49,91,19,576.00,"10,944.00"
2026-05-14,1449,2026051405014462,SIKLES,45,91,100,576.00,"57,600.00"
2026-05-14,1450,2026051405014461,SIKLES,58,91,50,576.30,"28,815.00"
2026-05-14,1451,2026051405014383,SMH,8,52,100,572.00,"57,200.00"
2026-05-14,1452,2026051405014270,SMH,83,33,11,579.00,"6,369.00"
2026-05-14,1453,2026051405014109,SMH,8,62,19,572.00,"10,868.00"
2026-05-14,1454,2026051405014108,SMH,11,62,20,575.00,"11,500.00"
2026-05-14,1455,2026051405014107,SMH,45,62,10,575.00,"5,750.00"
2026-05-14,1456,2026051405014493,SMHL,21,58,10,493.00,"4,930.00"
2026-05-14,1457,2026051405014367,SMHL,58,42,50,491.00,"24,550.00"
2026-05-14,1458,2026051405014369,SMJC,45,45,310,450.10,"139,531.00"
2026-05-14,1459,2026051405014368,SMJC,70,45,190,450.30,"85,557.00"
2026-05-14,1460,2026051405014268,SMJC,70,49,10,451.00,"4,510.00"
2026-05-14,1461,2026051405014267,SMJC,70,45,100,451.00,"45,100.00"
2026-05-14,1462,2026051405014161,SMJC,45,79,10,450.10,"4,501.00"
2026-05-14,1463,2026051405014514,SONA,10,5,50,440.00,"22,000.00"
2026-05-14,1464,2026051405014257,SONA,6,42,10,440.00,"4,400.00"
2026-05-14,1465,2026051405014207,SONA,41,42,900,438.90,"395,010.00"
2026-05-14,1466,2026051405014201,SONA,41,45,10,438.90,"4,389.00"
2026-05-14,1467,2026051405014346,SPHL,7,44,10,502.30,"5,023.00"
2026-05-14,1468,2026051405014494,TAMOR,66,83,150,452.00,"67,800.00"
2026-05-14,1469,2026051405014289,TAMOR,41,83,50,452.00,"22,600.00"
2026-05-14,1470,2026051405014279,TAMOR,57,83,35,452.00,"15,820.00"
2026-05-14,1471,2026051405014278,TAMOR,44,83,70,452.00,"31,640.00"
2026-05-14,1472,2026051405014276,TAMOR,44,79,10,452.00,"4,520.00"
2026-05-14,1473,2026051405014231,TAMOR,39,49,100,453.00,"45,300.00"
2026-05-14,1474,2026051405014121,TAMOR,44,96,10,452.00,"4,520.00"
2026-05-14,1475,2026051405014104,TAMOR,44,32,200,452.00,"90,400.00"
2026-05-14,1476,2026051405014103,TAMOR,37,59,140,452.90,"63,406.00"
2026-05-14,1477,2026051405014102,TAMOR,37,96,10,452.90,"4,529.00"
2026-05-14,1478,2026051405014143,TAMOR,72,49,860,453.00,"389,580.00"
2026-05-14,1479,2026051405014142,TAMOR,72,29,10,453.00,"4,530.00"
2026-05-14,1480,2026051405014141,TAMOR,72,96,10,453.00,"4,530.00"
2026-05-14,1481,2026051405014140,TAMOR,72,19,100,453.00,"45,300.00"
2026-05-14,1482,2026051405014139,TAMOR,72,96,10,453.00,"4,530.00"
2026-05-14,1483,2026051405014138,TAMOR,72,59,10,452.90,"4,529.00"
2026-05-14,1484,2026051405014206,TPC,64,45,290,367.00,"106,430.00"
2026-05-14,1485,2026051405014566,TPC,69,33,10,368.00,"3,680.00"
2026-05-14,1486,2026051405014492,TPC,64,69,250,367.00,"91,750.00"
2026-05-14,1487,2026051405014263,TPC,69,33,10,368.00,"3,680.00"
2026-05-14,1488,2026051405014540,TVCL,14,42,20,520.00,"10,400.00"
2026-05-14,1489,2026051405014539,TVCL,14,51,100,520.00,"52,000.00"
2026-05-14,1490,2026051405014538,TVCL,14,56,10,520.00,"5,200.00"
2026-05-14,1491,2026051405014537,TVCL,14,43,20,517.00,"10,340.00"
2026-05-14,1492,2026051405014536,TVCL,14,47,30,517.00,"15,510.00"
2026-05-14,1493,2026051405014535,TVCL,14,14,100,515.00,"51,500.00"
2026-05-14,1494,2026051405014534,TVCL,14,25,20,515.00,"10,300.00"
2026-05-14,1495,2026051405014525,TVCL,81,49,10,511.00,"5,110.00"
2026-05-14,1496,2026051405014198,USHL,34,29,10,625.00,"6,250.00"
2026-05-14,1497,2026051405014164,USHL,34,42,11,618.00,"6,798.00"
2026-05-14,1498,2026051405014163,USHL,34,49,10,617.00,"6,170.00"
2026-05-14,1499,2026051405014162,USHL,34,58,10,616.00,"6,160.00"
2026-05-14,1500,2026051405014502,VLUCL,42,10,10,472.00,"4,720.00"
2026-05-14,1501,2026051405013908,AHL,29,74,250,510.50,"127,625.00"
2026-05-14,1502,2026051405014057,BEDC,58,16,190,361.00,"68,590.00"
2026-05-14,1503,2026051405014056,BEDC,58,58,10,360.00,"3,600.00"
2026-05-14,1504,2026051405013982,BEDC,45,77,10,358.10,"3,581.00"
2026-05-14,1505,2026051405013980,BGWT,42,44,11,658.00,"7,238.00"
2026-05-14,1506,2026051405013877,BGWT,47,33,10,664.50,"6,645.00"
2026-05-14,1507,2026051405013962,BHDC,45,37,10,456.00,"4,560.00"
2026-05-14,1508,2026051405013953,BHDC,43,38,1,444.30,444.30
2026-05-14,1509,2026051405013949,BHDC,43,13,1,444.00,444.00
2026-05-14,1510,2026051405013934,BHDC,43,66,1,443.90,443.90
2026-05-14,1511,2026051405013915,BHDC,45,6,11,456.00,"5,016.00"
2026-05-14,1512,2026051405013711,BHDC,45,56,13,456.00,"5,928.00"
2026-05-14,1513,2026051405014075,BHL,54,45,230,221.50,"50,945.00"
2026-05-14,1514,2026051405013950,BHL,62,45,770,221.60,"170,632.00"
2026-05-14,1515,2026051405013946,BHL,38,66,91,221.70,"20,174.70"
2026-05-14,1516,2026051405013945,BHL,38,16,109,221.70,"24,165.30"
2026-05-14,1517,2026051405013944,BHL,58,16,120,221.70,"26,604.00"
2026-05-14,1518,2026051405013904,BHL,58,16,23,221.70,"5,099.10"
2026-05-14,1519,2026051405013709,BHL,54,16,"2,404",221.70,"532,966.80"
2026-05-14,1520,2026051405013882,BHL,42,16,100,221.70,"22,170.00"
2026-05-14,1521,2026051405013813,BHL,62,39,100,221.60,"22,160.00"
2026-05-14,1522,2026051405013809,BHL,62,57,30,221.60,"6,648.00"
2026-05-14,1523,2026051405013770,BHL,57,16,50,221.70,"11,085.00"
2026-05-14,1524,2026051405013767,BHL,13,16,60,221.70,"13,302.00"
2026-05-14,1525,2026051405013753,BHL,62,39,100,221.60,"22,160.00"
2026-05-14,1526,2026051405013906,BHPL,57,57,40,515.00,"20,600.00"
