date,sn,contract_no,stock_symbol,buyer,seller,quantity,rate,amount
2026-05-06,1,2026050605010268,BBC,17,87,20,"4,715.10","94,302.00"
2026-05-06,2,2026050605010006,BEDC,34,45,10,354.00,"3,540.00"
2026-05-06,3,2026050605010088,BEDC,34,53,330,353.00,"116,490.00"
2026-05-06,4,2026050605010252,BGWT,8,47,430,628.60,"270,298.00"
2026-05-06,5,2026050605010251,BGWT,57,47,40,628.60,"25,144.00"
2026-05-06,6,2026050605010250,BGWT,1,47,20,628.70,"12,574.00"
2026-05-06,7,2026050605010249,BGWT,58,47,10,632.00,"6,320.00"
2026-05-06,8,2026050605009855,BGWT,48,47,10,657.00,"6,570.00"
2026-05-06,9,2026050605009854,BGWT,1,47,19,657.00,"12,483.00"
2026-05-06,10,2026050605009861,BGWT,42,47,12,651.00,"7,812.00"
2026-05-06,11,2026050605009860,BGWT,32,47,30,652.00,"19,560.00"
2026-05-06,12,2026050605009859,BGWT,82,47,100,655.00,"65,500.00"
2026-05-06,13,2026050605009858,BGWT,63,47,30,655.10,"19,653.00"
2026-05-06,14,2026050605009857,BGWT,63,47,105,656.00,"68,880.00"
2026-05-06,15,2026050605009856,BGWT,82,47,10,657.00,"6,570.00"
2026-05-06,16,2026050605009867,BGWT,3,47,85,645.00,"54,825.00"
2026-05-06,17,2026050605009866,BGWT,35,47,20,646.00,"12,920.00"
2026-05-06,18,2026050605009865,BGWT,48,47,200,648.00,"129,600.00"
2026-05-06,19,2026050605009864,BGWT,52,47,20,648.00,"12,960.00"
2026-05-06,20,2026050605009863,BGWT,25,47,79,648.00,"51,192.00"
2026-05-06,21,2026050605009862,BGWT,58,47,45,650.00,"29,250.00"
2026-05-06,22,2026050605009873,BGWT,34,47,30,632.50,"18,975.00"
2026-05-06,23,2026050605009872,BGWT,42,47,15,632.50,"9,487.50"
2026-05-06,24,2026050605009871,BGWT,48,47,200,642.00,"128,400.00"
2026-05-06,25,2026050605009870,BGWT,56,47,50,642.00,"32,100.00"
2026-05-06,26,2026050605009869,BGWT,82,47,200,645.00,"129,000.00"
2026-05-06,27,2026050605009868,BGWT,58,47,20,645.00,"12,900.00"
2026-05-06,28,2026050605009877,BGWT,57,47,60,628.60,"37,716.00"
2026-05-06,29,2026050605009876,BGWT,32,47,50,628.80,"31,440.00"
2026-05-06,30,2026050605009875,BGWT,48,47,10,630.00,"6,300.00"
2026-05-06,31,2026050605009874,BGWT,94,47,100,630.00,"63,000.00"
2026-05-06,32,2026050605010239,BHDC,42,32,37,453.20,"16,768.40"
2026-05-06,33,2026050605010238,BHDC,19,32,344,453.20,"155,900.80"
2026-05-06,34,2026050605010237,BHDC,63,32,64,453.20,"29,004.80"
2026-05-06,35,2026050605010236,BHDC,57,32,140,453.30,"63,462.00"
2026-05-06,36,2026050605010128,BHDC,57,59,10,453.30,"4,533.00"
2026-05-06,37,2026050605010112,BHDC,58,32,100,453.90,"45,390.00"
2026-05-06,38,2026050605009906,BHDC,63,11,156,453.20,"70,699.20"
2026-05-06,39,2026050605009905,BHDC,34,11,87,453.20,"39,428.40"
2026-05-06,40,2026050605009904,BHDC,58,11,100,453.30,"45,330.00"
2026-05-06,41,2026050605010225,BHL,41,62,821,215.80,"177,171.80"
2026-05-06,42,2026050605010224,BHL,41,16,"1,179",215.70,"254,310.30"
2026-05-06,43,2026050605010197,BHL,35,1,18,215.00,"3,870.00"
2026-05-06,44,2026050605010131,BHL,43,42,103,215.50,"22,196.50"
2026-05-06,45,2026050605010130,BHL,58,42,10,215.50,"2,155.00"
2026-05-06,46,2026050605010106,BHL,42,16,821,215.70,"177,089.70"
2026-05-06,47,2026050605009923,BHL,42,32,50,215.10,"10,755.00"
2026-05-06,48,2026050605009922,BHL,34,32,100,215.10,"21,510.00"
2026-05-06,49,2026050605009851,BHL,34,44,400,215.10,"86,040.00"
2026-05-06,50,2026050605009972,BHL,42,62,"1,500",215.70,"323,550.00"
2026-05-06,51,2026050605009971,BHL,42,16,730,215.70,"157,461.00"
2026-05-06,52,2026050605009970,BHL,42,47,500,215.60,"107,800.00"
2026-05-06,53,2026050605009969,BHL,42,68,"1,000",215.50,"215,500.00"
2026-05-06,54,2026050605009968,BHL,42,14,50,215.50,"10,775.00"
2026-05-06,55,2026050605009924,BHL,35,32,350,215.00,"75,250.00"
2026-05-06,56,2026050605010198,BHPL,49,48,30,514.10,"15,423.00"
2026-05-06,57,2026050605010125,BHPL,26,48,21,514.10,"10,796.10"
2026-05-06,58,2026050605010021,BNHC,58,10,10,314.50,"3,145.00"
2026-05-06,59,2026050605009994,BNHC,58,14,10,315.00,"3,150.00"
2026-05-06,60,2026050605010320,CHDC,35,94,8,"2,219.00","17,752.00"
2026-05-06,61,2026050605010093,CHDC,51,50,30,"2,200.00","66,000.00"
2026-05-06,62,2026050605010017,CIT,32,19,20,"1,765.00","35,300.00"
2026-05-06,63,2026050605009913,CIT,25,58,10,"1,764.00","17,640.00"
2026-05-06,64,2026050605009912,CIT,25,49,50,"1,764.00","88,200.00"
2026-05-06,65,2026050605010318,CKHL,62,58,10,689.00,"6,890.00"
2026-05-06,66,2026050605010048,CLI,29,43,10,450.90,"4,509.00"
2026-05-06,67,2026050605010339,DOLTI,50,11,10,345.60,"3,456.00"
2026-05-06,68,2026050605010328,DOLTI,50,42,10,345.60,"3,456.00"
2026-05-06,69,2026050605010324,DOLTI,86,51,10,350.00,"3,500.00"
2026-05-06,70,2026050605010271,DOLTI,49,51,50,350.00,"17,500.00"
2026-05-06,71,2026050605010270,DOLTI,49,46,25,349.90,"8,747.50"
2026-05-06,72,2026050605010269,DOLTI,49,38,435,345.60,"150,336.00"
2026-05-06,73,2026050605010039,DOLTI,34,22,90,345.20,"31,068.00"
2026-05-06,74,2026050605010038,DOLTI,41,22,15,345.30,"5,179.50"
2026-05-06,75,2026050605010037,DOLTI,34,22,50,345.30,"17,265.00"
2026-05-06,76,2026050605010203,DOLTI,62,38,65,345.60,"22,464.00"
2026-05-06,77,2026050605010054,DOLTI,38,22,16,345.00,"5,520.00"
2026-05-06,78,2026050605010043,DOLTI,57,22,29,345.00,"10,005.00"
2026-05-06,79,2026050605010042,DOLTI,47,22,500,345.00,"172,500.00"
2026-05-06,80,2026050605010041,DOLTI,42,22,200,345.00,"69,000.00"
2026-05-06,81,2026050605010040,DOLTI,57,22,100,345.10,"34,510.00"
2026-05-06,82,2026050605010127,DORDI,56,35,10,271.00,"2,710.00"
2026-05-06,83,2026050605010100,DORDI,41,85,61,270.00,"16,470.00"
2026-05-06,84,2026050605010099,DORDI,22,85,89,270.00,"24,030.00"
2026-05-06,85,2026050605010098,DORDI,57,85,100,270.00,"27,000.00"
2026-05-06,86,2026050605010004,DORDI,25,58,10,270.10,"2,701.00"
2026-05-06,87,2026050605010325,EHPL,35,38,10,383.00,"3,830.00"
2026-05-06,88,2026050605010126,EHPL,3,6,45,379.00,"17,055.00"
2026-05-06,89,2026050605010085,EHPL,3,6,55,379.00,"20,845.00"
2026-05-06,90,2026050605009845,EHPL,3,35,195,379.00,"73,905.00"
2026-05-06,91,2026050605010337,ENL,60,4,10,895.00,"8,950.00"
2026-05-06,92,2026050605009938,ENL,58,4,19,895.00,"17,005.00"
2026-05-06,93,2026050605010284,GCIL,32,62,20,419.00,"8,380.00"
2026-05-06,94,2026050605010283,GCIL,32,58,200,418.00,"83,600.00"
2026-05-06,95,2026050605010282,GCIL,32,58,140,418.00,"58,520.00"
2026-05-06,96,2026050605009891,GCIL,32,58,10,418.00,"4,180.00"
2026-05-06,97,2026050605010139,GVL,65,57,200,485.50,"97,100.00"
2026-05-06,98,2026050605009844,HATHY,88,13,4,802.00,"3,208.00"
2026-05-06,99,2026050605009843,HATHY,88,45,11,802.00,"8,822.00"
2026-05-06,100,2026050605010107,HDL,37,45,155,"1,151.00","178,405.00"
2026-05-06,101,2026050605010104,HDL,42,45,15,"1,151.00","17,265.00"
2026-05-06,102,2026050605010079,HDL,42,56,29,"1,150.00","33,350.00"
2026-05-06,103,2026050605009890,HDL,19,43,10,"1,150.10","11,501.00"
2026-05-06,104,2026050605009998,HDL,19,6,78,"1,150.10","89,707.80"
2026-05-06,105,2026050605009967,HDL,51,45,50,"1,151.00","57,550.00"
2026-05-06,106,2026050605009951,HDL,14,45,20,"1,151.00","23,020.00"
2026-05-06,107,2026050605009950,HDL,49,45,42,"1,151.00","48,342.00"
2026-05-06,108,2026050605009949,HDL,49,17,58,"1,151.00","66,758.00"
2026-05-06,109,2026050605009916,HDL,19,42,12,"1,150.10","13,801.20"
2026-05-06,110,2026050605009999,HDL,39,6,15,"1,150.10","17,251.50"
2026-05-06,111,2026050605010078,HDL,21,56,15,"1,150.00","17,250.00"
2026-05-06,112,2026050605010321,HHL,84,6,10,369.00,"3,690.00"
2026-05-06,113,2026050605010285,HHL,35,6,10,369.00,"3,690.00"
2026-05-06,114,2026050605009880,HHL,29,58,159,367.70,"58,464.30"
2026-05-06,115,2026050605009879,HHL,62,58,10,368.60,"3,686.00"
2026-05-06,116,2026050605010202,HHL,44,6,10,369.00,"3,690.00"
2026-05-06,117,2026050605010194,HHL,49,92,100,367.50,"36,750.00"
2026-05-06,118,2026050605009907,HHL,60,58,10,367.30,"3,673.00"
2026-05-06,119,2026050605009883,HHL,60,58,371,367.30,"136,268.30"
2026-05-06,120,2026050605009882,HHL,47,58,50,367.30,"18,365.00"
2026-05-06,121,2026050605009881,HHL,49,58,100,367.70,"36,770.00"
2026-05-06,122,2026050605010219,HIDCL,80,51,43,263.90,"11,347.70"
2026-05-06,123,2026050605010218,HIDCL,80,62,350,263.90,"92,365.00"
2026-05-06,124,2026050605010217,HIDCL,80,5,200,263.80,"52,760.00"
2026-05-06,125,2026050605010216,HIDCL,80,34,31,263.50,"8,168.50"
2026-05-06,126,2026050605010215,HIDCL,80,32,51,262.90,"13,407.90"
2026-05-06,127,2026050605010214,HIDCL,80,57,820,262.00,"214,840.00"
2026-05-06,128,2026050605009937,HIDCL,43,38,176,261.70,"46,059.20"
2026-05-06,129,2026050605009893,HIDCL,25,45,254,261.60,"66,446.40"
2026-05-06,130,2026050605009892,HIDCL,45,45,50,261.60,"13,080.00"
2026-05-06,131,2026050605010213,HIDCL,80,45,40,262.00,"10,480.00"
2026-05-06,132,2026050605010212,HIDCL,80,35,10,262.00,"2,620.00"
2026-05-06,133,2026050605010211,HIDCL,80,58,472,262.00,"123,664.00"
2026-05-06,134,2026050605010023,HIDCL,25,57,726,261.60,"189,921.60"
2026-05-06,135,2026050605010022,HIDCL,43,57,24,261.70,"6,280.80"
2026-05-06,136,2026050605009993,HIDCL,22,58,50,262.00,"13,100.00"
2026-05-06,137,2026050605010335,HRL,34,90,10,654.20,"6,542.00"
2026-05-06,138,2026050605009850,HRL,53,57,10,654.00,"6,540.00"
2026-05-06,139,2026050605009846,HRL,35,14,13,654.20,"8,504.60"
2026-05-06,140,2026050605009840,HRL,21,14,100,654.20,"65,420.00"
2026-05-06,141,2026050605009925,HRL,42,13,137,654.20,"89,625.40"
2026-05-06,142,2026050605009915,HRL,42,14,60,654.20,"39,252.00"
2026-05-06,143,2026050605009914,HRL,53,13,300,654.00,"196,200.00"
2026-05-06,144,2026050605009901,HRL,53,57,50,654.00,"32,700.00"
2026-05-06,145,2026050605010003,HRL,1,58,1,654.10,654.10
2026-05-06,146,2026050605009926,HRL,53,13,96,654.00,"62,784.00"
2026-05-06,147,2026050605010124,HRL,53,22,10,654.00,"6,540.00"
2026-05-06,148,2026050605010102,HRL,45,90,15,654.20,"9,813.00"
2026-05-06,149,2026050605010091,HRL,49,90,50,654.20,"32,710.00"
2026-05-06,150,2026050605010090,HRL,6,90,70,654.20,"45,794.00"
2026-05-06,151,2026050605010089,HRL,38,90,10,654.30,"6,543.00"
2026-05-06,152,2026050605010248,HRL,53,6,140,654.00,"91,560.00"
2026-05-06,153,2026050605010240,HRL,45,39,100,654.10,"65,410.00"
2026-05-06,154,2026050605010314,IHL,32,48,274,397.80,"108,997.20"
2026-05-06,155,2026050605010313,IHL,36,48,100,397.80,"39,780.00"
2026-05-06,156,2026050605010312,IHL,49,48,20,397.90,"7,958.00"
2026-05-06,157,2026050605010311,IHL,5,48,50,398.00,"19,900.00"
2026-05-06,158,2026050605010011,IHL,16,34,25,398.20,"9,955.00"
2026-05-06,159,2026050605010010,IHL,58,34,11,398.30,"4,381.30"
2026-05-06,160,2026050605010009,IHL,4,34,10,399.00,"3,990.00"
2026-05-06,161,2026050605010008,IHL,28,34,10,399.00,"3,990.00"
2026-05-06,162,2026050605010066,IHL,44,14,90,400.00,"36,000.00"
2026-05-06,163,2026050605010012,IHL,36,34,44,398.10,"17,516.40"
2026-05-06,164,2026050605010310,IHL,36,48,56,398.10,"22,293.60"
2026-05-06,165,2026050605010276,ILI,4,26,12,433.00,"5,196.00"
2026-05-06,166,2026050605010275,ILI,4,44,100,433.00,"43,300.00"
2026-05-06,167,2026050605009847,ILI,45,34,86,433.00,"37,238.00"
2026-05-06,168,2026050605010058,KDBY,42,35,100,11.41,"1,141.00"
2026-05-06,169,2026050605010057,KDBY,42,59,100,11.30,"1,130.00"
2026-05-06,170,2026050605010235,MAKAR,48,39,810,485.60,"393,336.00"
2026-05-06,171,2026050605010234,MAKAR,49,39,40,485.60,"19,424.00"
2026-05-06,172,2026050605010233,MAKAR,57,39,50,486.00,"24,300.00"
2026-05-06,173,2026050605010232,MAKAR,41,39,100,486.00,"48,600.00"
2026-05-06,174,2026050605010323,MBJC,38,58,10,282.00,"2,820.00"
2026-05-06,175,2026050605010025,MBJC,41,14,180,280.40,"50,472.00"
2026-05-06,176,2026050605010024,MBJC,43,14,20,281.00,"5,620.00"
2026-05-06,177,2026050605009948,MBJC,43,49,90,281.00,"25,290.00"
2026-05-06,178,2026050605009939,MBJC,38,49,10,281.00,"2,810.00"
2026-05-06,179,2026050605010052,MEHL,57,53,100,373.70,"37,370.00"
2026-05-06,180,2026050605010315,MEL,57,17,10,229.00,"2,290.00"
2026-05-06,181,2026050605010299,MEL,45,25,43,228.00,"9,804.00"
2026-05-06,182,2026050605010298,MEL,5,25,100,228.00,"22,800.00"
2026-05-06,183,2026050605010297,MEL,95,25,50,228.00,"11,400.00"
2026-05-06,184,2026050605010296,MEL,51,25,50,228.00,"11,400.00"
2026-05-06,185,2026050605009909,MEL,41,58,29,229.00,"6,641.00"
2026-05-06,186,2026050605009897,MEL,43,57,10,228.90,"2,289.00"
2026-05-06,187,2026050605010036,MEL,43,58,"1,000",228.90,"228,900.00"
2026-05-06,188,2026050605010000,MEL,45,17,50,229.00,"11,450.00"
2026-05-06,189,2026050605009940,MEL,5,67,26,229.00,"5,954.00"
2026-05-06,190,2026050605009936,MEL,5,58,71,229.00,"16,259.00"
2026-05-06,191,2026050605010201,MEL,45,17,100,229.00,"22,900.00"
2026-05-06,192,2026050605010289,MEL,50,25,100,228.00,"22,800.00"
2026-05-06,193,2026050605010288,MEL,41,25,25,228.00,"5,700.00"
2026-05-06,194,2026050605010287,MEL,26,25,100,228.00,"22,800.00"
2026-05-06,195,2026050605010286,MEL,43,25,422,228.90,"96,595.80"
2026-05-06,196,2026050605010295,MEL,5,25,10,228.00,"2,280.00"
2026-05-06,197,2026050605010294,MEL,46,25,50,228.00,"11,400.00"
2026-05-06,198,2026050605010293,MEL,13,25,100,228.00,"22,800.00"
2026-05-06,199,2026050605010292,MEL,42,25,60,228.00,"13,680.00"
2026-05-06,200,2026050605010291,MEL,45,25,100,228.00,"22,800.00"
2026-05-06,201,2026050605010290,MEL,11,25,50,228.00,"11,400.00"
2026-05-06,202,2026050605010005,MHCL,41,58,250,345.10,"86,275.00"
2026-05-06,203,2026050605010096,MHL,42,6,10,492.00,"4,920.00"
2026-05-06,204,2026050605010095,MHL,42,35,10,492.00,"4,920.00"
2026-05-06,205,2026050605010094,MHL,42,58,60,492.00,"29,520.00"
2026-05-06,206,2026050605010053,MHL,40,43,10,490.00,"4,900.00"
2026-05-06,207,2026050605010210,MKHC,58,43,170,312.60,"53,142.00"
2026-05-06,208,2026050605010209,MKHC,59,43,30,312.70,"9,381.00"
2026-05-06,209,2026050605010208,MKHC,45,43,300,313.00,"93,900.00"
2026-05-06,210,2026050605010111,MKHC,45,34,200,313.00,"62,600.00"
2026-05-06,211,2026050605010014,MKHC,59,28,30,312.70,"9,381.00"
2026-05-06,212,2026050605010280,MKJC,84,35,20,494.00,"9,880.00"
2026-05-06,213,2026050605010279,MKJC,84,49,100,493.90,"49,390.00"
2026-05-06,214,2026050605010278,MKJC,84,38,30,493.00,"14,790.00"
2026-05-06,215,2026050605010277,MKJC,84,38,50,492.00,"24,600.00"
2026-05-06,216,2026050605010196,MKJC,32,34,83,484.40,"40,205.20"
2026-05-06,217,2026050605009955,MKJC,45,34,500,485.00,"242,500.00"
2026-05-06,218,2026050605009954,MKJC,4,34,177,485.00,"85,845.00"
2026-05-06,219,2026050605009953,MKJC,41,34,30,485.10,"14,553.00"
2026-05-06,220,2026050605009908,MKJC,84,17,"5,000",486.00,"2,430,000.00"
2026-05-06,221,2026050605009848,MMF1,48,57,200,9.51,"1,902.00"
2026-05-06,222,2026050605009911,MMKJL,58,57,10,485.10,"4,851.00"
2026-05-06,223,2026050605009841,NBF3,38,42,100,9.82,982.00
2026-05-06,224,2026050605010189,NICSF,38,49,100,9.45,945.00
2026-05-06,225,2026050605010195,NIFRA,57,90,5,260.40,"1,302.00"
2026-05-06,226,2026050605010180,NIFRA,45,66,100,260.40,"26,040.00"
2026-05-06,227,2026050605010121,NIFRA,44,17,54,260.30,"14,056.20"
2026-05-06,228,2026050605010113,NIFRA,44,6,64,260.30,"16,659.20"
2026-05-06,229,2026050605009921,NIFRA,44,47,450,260.30,"117,135.00"
2026-05-06,230,2026050605009902,NIFRA,44,38,40,260.30,"10,412.00"
2026-05-06,231,2026050605009899,NIFRA,44,83,500,260.30,"130,150.00"
2026-05-06,232,2026050605009887,NIFRA,47,34,50,260.50,"13,025.00"
2026-05-06,233,2026050605010247,NRIC,101,59,10,877.00,"8,770.00"
2026-05-06,234,2026050605010220,NRIC,56,59,100,877.00,"87,700.00"
2026-05-06,235,2026050605009956,NRIC,84,42,36,875.10,"31,503.60"
2026-05-06,236,2026050605009886,NRIC,84,58,21,875.10,"18,377.10"
2026-05-06,237,2026050605009885,NRIC,44,58,100,875.20,"87,520.00"
2026-05-06,238,2026050605009884,NRIC,35,58,69,875.60,"60,416.40"
2026-05-06,239,2026050605009878,NRIC,42,7,6,870.00,"5,220.00"
2026-05-06,240,2026050605010272,NRM,4,62,10,397.90,"3,979.00"
2026-05-06,241,2026050605010257,NRM,14,62,10,397.90,"3,979.00"
2026-05-06,242,2026050605010108,NRM,62,34,50,392.30,"19,615.00"
2026-05-06,243,2026050605009895,NRN,34,8,10,"1,385.90","13,859.00"
2026-05-06,244,2026050605009894,NRN,34,58,30,"1,383.90","41,517.00"
2026-05-06,245,2026050605009888,NRN,42,44,100,"1,382.00","138,200.00"
2026-05-06,246,2026050605010030,NRN,34,5,20,"1,390.00","27,800.00"
2026-05-06,247,2026050605010029,NRN,34,17,12,"1,390.00","16,680.00"
2026-05-06,248,2026050605010028,NRN,34,33,100,"1,390.00","139,000.00"
2026-05-06,249,2026050605010027,NRN,34,26,100,"1,387.90","138,790.00"
2026-05-06,250,2026050605010026,NRN,34,8,240,"1,385.90","332,616.00"
2026-05-06,251,2026050605010035,NRN,34,67,43,"1,398.00","60,114.00"
2026-05-06,252,2026050605010034,NRN,34,48,15,"1,398.00","20,970.00"
2026-05-06,253,2026050605010033,NRN,34,26,20,"1,396.90","27,938.00"
2026-05-06,254,2026050605010032,NRN,34,65,10,"1,396.90","13,969.00"
2026-05-06,255,2026050605010031,NRN,34,3,40,"1,396.00","55,840.00"
2026-05-06,256,2026050605010007,NTC,1,42,10,875.00,"8,750.00"
2026-05-06,257,2026050605009934,NTC,13,26,60,874.10,"52,446.00"
2026-05-06,258,2026050605009933,NYADI,58,41,100,385.00,"38,500.00"
2026-05-06,259,2026050605009932,NYADI,42,41,12,385.00,"4,620.00"
2026-05-06,260,2026050605009931,NYADI,41,41,940,385.10,"361,994.00"
2026-05-06,261,2026050605009930,NYADI,63,41,50,385.20,"19,260.00"
2026-05-06,262,2026050605009929,NYADI,45,41,35,387.00,"13,545.00"
2026-05-06,263,2026050605009928,NYADI,45,41,19,387.00,"7,353.00"
2026-05-06,264,2026050605010256,PHCL,25,38,10,296.80,"2,968.00"
2026-05-06,265,2026050605009910,PHCL,16,32,10,295.10,"2,951.00"
2026-05-06,266,2026050605010255,PPL,34,34,18,344.00,"6,192.00"
2026-05-06,267,2026050605010254,PPL,34,6,152,343.00,"52,136.00"
2026-05-06,268,2026050605010253,PPL,34,48,390,343.00,"133,770.00"
2026-05-06,269,2026050605010140,PPL,45,48,100,343.00,"34,300.00"
2026-05-06,270,2026050605010013,PPL,46,48,100,343.00,"34,300.00"
2026-05-06,271,2026050605010309,RAWA,6,19,60,587.00,"35,220.00"
2026-05-06,272,2026050605010308,RAWA,6,90,80,587.00,"46,960.00"
2026-05-06,273,2026050605010307,RAWA,6,90,10,586.90,"5,869.00"
2026-05-06,274,2026050605010306,RAWA,6,90,10,586.70,"5,867.00"
2026-05-06,275,2026050605010305,RAWA,6,56,10,585.00,"5,850.00"
2026-05-06,276,2026050605010304,RAWA,6,35,10,580.00,"5,800.00"
2026-05-06,277,2026050605010223,RAWA,11,10,10,570.00,"5,700.00"
2026-05-06,278,2026050605010303,RAWA,6,5,10,577.00,"5,770.00"
2026-05-06,279,2026050605010302,RAWA,6,58,10,577.00,"5,770.00"
2026-05-06,280,2026050605010301,RAWA,6,42,10,573.00,"5,730.00"
2026-05-06,281,2026050605010300,RAWA,6,10,40,570.00,"22,800.00"
2026-05-06,282,2026050605010327,RFPL,72,21,10,369.00,"3,690.00"
2026-05-06,283,2026050605010281,RFPL,58,21,10,369.00,"3,690.00"
2026-05-06,284,2026050605010137,RFPL,48,49,20,368.00,"7,360.00"
2026-05-06,285,2026050605010136,RFPL,48,38,80,368.00,"29,440.00"
2026-05-06,286,2026050605010135,RFPL,45,38,100,368.10,"36,810.00"
2026-05-06,287,2026050605010115,RFPL,58,21,100,369.00,"36,900.00"
2026-05-06,288,2026050605010047,RFPL,49,4,10,368.50,"3,685.00"
2026-05-06,289,2026050605009853,RFPL,49,4,185,368.00,"68,080.00"
2026-05-06,290,2026050605009852,RFPL,8,4,15,368.00,"5,520.00"
2026-05-06,291,2026050605010267,RHGCL,41,36,403,293.00,"118,079.00"
2026-05-06,292,2026050605010266,RHGCL,41,57,200,293.00,"58,600.00"
2026-05-06,293,2026050605010265,RHGCL,41,74,60,293.00,"17,580.00"
2026-05-06,294,2026050605010264,RHGCL,41,26,100,292.90,"29,290.00"
2026-05-06,295,2026050605010263,RHGCL,41,6,100,292.00,"29,200.00"
2026-05-06,296,2026050605010262,RHGCL,41,25,577,292.00,"168,484.00"
2026-05-06,297,2026050605010101,RHGCL,58,32,10,290.00,"2,900.00"
2026-05-06,298,2026050605009952,RHGCL,98,57,20,289.10,"5,782.00"
2026-05-06,299,2026050605010261,RHGCL,41,13,190,291.90,"55,461.00"
2026-05-06,300,2026050605010260,RHGCL,41,6,300,291.50,"87,450.00"
2026-05-06,301,2026050605010259,RHGCL,41,53,300,291.00,"87,300.00"
2026-05-06,302,2026050605010258,RHGCL,41,32,770,290.00,"223,300.00"
2026-05-06,303,2026050605010207,RHGCL,58,32,10,290.00,"2,900.00"
2026-05-06,304,2026050605010199,RHGCL,98,53,300,289.10,"86,730.00"
2026-05-06,305,2026050605009903,RNLI,17,74,17,456.70,"7,763.90"
2026-05-06,306,2026050605010229,RNLI,16,49,12,457.00,"5,484.00"
2026-05-06,307,2026050605010228,RNLI,16,26,12,456.80,"5,481.60"
2026-05-06,308,2026050605010227,RNLI,16,44,11,456.80,"5,024.80"
2026-05-06,309,2026050605010226,RNLI,16,74,17,456.70,"7,763.90"
2026-05-06,310,2026050605010231,RNLI,16,49,12,458.00,"5,496.00"
2026-05-06,311,2026050605010230,RNLI,16,72,12,457.00,"5,484.00"
2026-05-06,312,2026050605010190,SAHAS,62,34,19,615.00,"11,685.00"
2026-05-06,313,2026050605010134,SAHAS,18,34,20,615.00,"12,300.00"
2026-05-06,314,2026050605010001,SAHAS,96,57,30,614.00,"18,420.00"
2026-05-06,315,2026050605010338,SANVI,19,53,580,661.00,"383,380.00"
2026-05-06,316,2026050605010242,SANVI,42,52,10,667.00,"6,670.00"
2026-05-06,317,2026050605010084,SANVI,19,45,30,661.00,"19,830.00"
2026-05-06,318,2026050605010083,SANVI,1,45,200,661.00,"132,200.00"
2026-05-06,319,2026050605010082,SANVI,58,45,20,662.00,"13,240.00"
2026-05-06,320,2026050605010081,SANVI,90,45,50,662.00,"33,100.00"
2026-05-06,321,2026050605010080,SANVI,1,58,10,663.10,"6,631.00"
2026-05-06,322,2026050605009943,SANVI,90,52,40,662.00,"26,480.00"
2026-05-06,323,2026050605009942,SANVI,41,52,60,662.10,"39,726.00"
2026-05-06,324,2026050605009941,SANVI,94,52,100,662.10,"66,210.00"
2026-05-06,325,2026050605009976,SFEF,6,4,"25,000",9.85,"246,250.00"
2026-05-06,326,2026050605009975,SFEF,89,4,"1,000",9.89,"9,890.00"
2026-05-06,327,2026050605009974,SFEF,13,4,"20,000",9.90,"198,000.00"
2026-05-06,328,2026050605009973,SFEF,51,4,"4,300",9.90,"42,570.00"
2026-05-06,329,2026050605010129,SGHC,26,96,50,356.10,"17,805.00"
2026-05-06,330,2026050605010059,SGHC,35,45,210,358.00,"75,180.00"
2026-05-06,331,2026050605010050,SGHC,45,63,10,356.10,"3,561.00"
2026-05-06,332,2026050605010049,SGHC,17,63,20,356.20,"7,124.00"
2026-05-06,333,2026050605010322,SHIVM,58,34,10,662.00,"6,620.00"
2026-05-06,334,2026050605010244,SHIVM,4,96,209,661.90,"138,337.10"
2026-05-06,335,2026050605010243,SHIVM,4,96,68,661.90,"45,009.20"
2026-05-06,336,2026050605010204,SHIVM,66,34,"1,000",662.00,"662,000.00"
2026-05-06,337,2026050605010120,SHIVM,4,36,32,661.90,"21,180.80"
2026-05-06,338,2026050605009992,SHIVM,66,34,190,662.00,"125,780.00"
2026-05-06,339,2026050605009898,SHIVM,58,36,10,663.00,"6,630.00"
2026-05-06,340,2026050605009979,SHIVM,66,34,106,662.00,"70,172.00"
2026-05-06,341,2026050605009978,SHIVM,66,34,35,662.00,"23,170.00"
2026-05-06,342,2026050605009977,SHIVM,75,34,"4,725",662.10,"3,128,422.50"
2026-05-06,343,2026050605009947,SHIVM,75,57,165,662.10,"109,246.50"
2026-05-06,344,2026050605009946,SHIVM,42,57,135,662.20,"89,397.00"
2026-05-06,345,2026050605009945,SHIVM,4,57,200,662.20,"132,440.00"
2026-05-06,346,2026050605009985,SHIVM,80,34,127,662.00,"84,074.00"
2026-05-06,347,2026050605009984,SHIVM,75,34,400,662.00,"264,800.00"
2026-05-06,348,2026050605009983,SHIVM,4,34,150,662.00,"99,300.00"
2026-05-06,349,2026050605009982,SHIVM,66,34,100,662.00,"66,200.00"
2026-05-06,350,2026050605009981,SHIVM,52,34,30,662.00,"19,860.00"
2026-05-06,351,2026050605009980,SHIVM,66,34,350,662.00,"231,700.00"
2026-05-06,352,2026050605009991,SHIVM,66,34,200,662.00,"132,400.00"
2026-05-06,353,2026050605009990,SHIVM,19,34,600,662.00,"397,200.00"
2026-05-06,354,2026050605009989,SHIVM,66,34,555,662.00,"367,410.00"
2026-05-06,355,2026050605009988,SHIVM,66,34,245,662.00,"162,190.00"
2026-05-06,356,2026050605009987,SHIVM,75,34,150,662.00,"99,300.00"
2026-05-06,357,2026050605009986,SHIVM,75,34,250,662.00,"165,500.00"
2026-05-06,358,2026050605009919,SIKLES,1,35,100,573.00,"57,300.00"
2026-05-06,359,2026050605010183,SMATA,34,5,3,762.00,"2,286.00"
2026-05-06,360,2026050605010182,SMATA,25,5,10,762.00,"7,620.00"
2026-05-06,361,2026050605010018,SMATA,60,5,87,762.00,"66,294.00"
2026-05-06,362,2026050605010246,SMH,19,1,30,566.00,"16,980.00"
2026-05-06,363,2026050605010222,SMH,19,45,70,566.00,"39,620.00"
2026-05-06,364,2026050605010221,SMH,19,34,400,565.00,"226,000.00"
2026-05-06,365,2026050605010184,SMH,83,45,10,566.00,"5,660.00"
2026-05-06,366,2026050605010206,SMHL,57,33,72,497.00,"35,784.00"
2026-05-06,367,2026050605010205,SMHL,57,14,28,496.00,"13,888.00"
2026-05-06,368,2026050605010187,SMHL,42,14,60,496.00,"29,760.00"
2026-05-06,369,2026050605010186,SMHL,41,14,12,496.00,"5,952.00"
2026-05-06,370,2026050605010185,SMHL,35,14,150,496.10,"74,415.00"
2026-05-06,371,2026050605010133,SMHL,41,58,38,496.00,"18,848.00"
2026-05-06,372,2026050605009995,SMHL,16,58,434,497.00,"215,698.00"
2026-05-06,373,2026050605009957,SMHL,16,1,150,497.00,"74,550.00"
2026-05-06,374,2026050605009944,SMHL,16,90,200,497.00,"99,400.00"
2026-05-06,375,2026050605010061,SMHL,8,58,102,496.00,"50,592.00"
2026-05-06,376,2026050605010060,SMHL,38,58,200,496.20,"99,240.00"
2026-05-06,377,2026050605010020,SMHL,16,58,442,496.20,"219,320.40"
2026-05-06,378,2026050605010019,SMHL,21,58,50,496.50,"24,825.00"
2026-05-06,379,2026050605009997,SMHL,21,58,17,497.00,"8,449.00"
2026-05-06,380,2026050605009996,SMHL,58,58,60,497.00,"29,820.00"
2026-05-06,381,2026050605010132,SMHL,53,58,60,496.00,"29,760.00"
2026-05-06,382,2026050605010119,SMHL,53,58,10,496.00,"4,960.00"
2026-05-06,383,2026050605010065,SMHL,53,58,75,496.00,"37,200.00"
2026-05-06,384,2026050605010064,SMHL,51,58,10,496.00,"4,960.00"
2026-05-06,385,2026050605010063,SMHL,58,58,438,496.00,"217,248.00"
2026-05-06,386,2026050605010062,SMHL,45,58,50,496.00,"24,800.00"
2026-05-06,387,2026050605010317,SMJC,43,39,10,437.50,"4,375.00"
2026-05-06,388,2026050605010188,SMJC,36,38,60,436.00,"26,160.00"
2026-05-06,389,2026050605010181,SONA,22,91,100,430.00,"43,000.00"
2026-05-06,390,2026050605010110,SONA,29,32,28,432.00,"12,096.00"
2026-05-06,391,2026050605010109,SONA,29,34,12,431.90,"5,182.80"
2026-05-06,392,2026050605010103,SONA,22,57,10,430.00,"4,300.00"
2026-05-06,393,2026050605010068,SONA,22,42,10,430.00,"4,300.00"
2026-05-06,394,2026050605009935,SONA,34,32,100,429.90,"42,990.00"
2026-05-06,395,2026050605009896,SONA,38,58,10,429.80,"4,298.00"
2026-05-06,396,2026050605010114,SPC,67,63,11,456.90,"5,025.90"
2026-05-06,397,2026050605010086,SPC,6,45,100,454.40,"45,440.00"
2026-05-06,398,2026050605010067,SPC,67,17,10,456.00,"4,560.00"
2026-05-06,399,2026050605009900,SPC,36,45,300,455.00,"136,500.00"
2026-05-06,400,2026050605009920,SPHL,13,17,10,504.00,"5,040.00"
2026-05-06,401,2026050605010070,SPL,51,51,90,696.00,"62,640.00"
2026-05-06,402,2026050605010069,SPL,42,51,10,696.10,"6,961.00"
2026-05-06,403,2026050605009842,SPL,42,101,10,696.10,"6,961.00"
2026-05-06,404,2026050605010245,STC,59,8,10,"5,779.00","57,790.00"
2026-05-06,405,2026050605009966,STC,42,42,10,"5,700.00","57,000.00"
2026-05-06,406,2026050605009965,STC,17,42,10,"5,700.00","57,000.00"
2026-05-06,407,2026050605009964,STC,1,42,10,"5,701.00","57,010.00"
2026-05-06,408,2026050605009963,STC,22,42,10,"5,705.00","57,050.00"
2026-05-06,409,2026050605009962,STC,22,42,10,"5,705.00","57,050.00"
2026-05-06,410,2026050605009961,STC,54,42,10,"5,707.00","57,070.00"
2026-05-06,411,2026050605009960,STC,62,42,20,"5,710.00","114,200.00"
2026-05-06,412,2026050605009959,STC,75,42,100,"5,710.00","571,000.00"
2026-05-06,413,2026050605009958,STC,100,42,40,"5,711.10","228,444.00"
2026-05-06,414,2026050605010056,TAMOR,34,49,105,431.00,"45,255.00"
2026-05-06,415,2026050605010055,TAMOR,34,45,95,431.00,"40,945.00"
2026-05-06,416,2026050605010319,TPC,45,58,10,365.00,"3,650.00"
2026-05-06,417,2026050605010316,TPC,48,58,10,365.00,"3,650.00"
2026-05-06,418,2026050605010073,TPC,49,42,20,364.00,"7,280.00"
2026-05-06,419,2026050605010072,TPC,49,17,20,362.00,"7,240.00"
2026-05-06,420,2026050605010071,TPC,49,57,370,362.00,"133,940.00"
2026-05-06,421,2026050605010051,TPC,50,80,"1,000",361.00,"361,000.00"
2026-05-06,422,2026050605010241,TPC,34,65,10,360.70,"3,607.00"
2026-05-06,423,2026050605010077,TPC,49,87,45,367.00,"16,515.00"
2026-05-06,424,2026050605010076,TPC,49,67,25,364.90,"9,122.50"
2026-05-06,425,2026050605010075,TPC,49,6,10,364.90,"3,649.00"
2026-05-06,426,2026050605010074,TPC,49,17,20,364.00,"7,280.00"
2026-05-06,427,2026050605010329,TSHL,48,50,10,600.00,"6,000.00"
2026-05-06,428,2026050605010105,TVCL,8,49,40,491.10,"19,644.00"
2026-05-06,429,2026050605010336,UHEWA,95,58,11,567.00,"6,237.00"
2026-05-06,430,2026050605010274,UHEWA,58,57,102,562.00,"57,324.00"
2026-05-06,431,2026050605010273,UHEWA,11,57,98,565.00,"55,370.00"
2026-05-06,432,2026050605010200,UHEWA,95,70,10,566.00,"5,660.00"
2026-05-06,433,2026050605010118,UHEWA,11,6,11,565.00,"6,215.00"
2026-05-06,434,2026050605010117,UHEWA,11,44,11,565.00,"6,215.00"
2026-05-06,435,2026050605010116,UHEWA,11,49,80,565.00,"45,200.00"
2026-05-06,436,2026050605010097,UHEWA,58,19,50,562.00,"28,100.00"
2026-05-06,437,2026050605010046,UHEWA,95,49,15,564.50,"8,467.50"
2026-05-06,438,2026050605010045,UHEWA,95,47,11,564.00,"6,204.00"
2026-05-06,439,2026050605010044,UHEWA,95,58,11,564.00,"6,204.00"
2026-05-06,440,2026050605009917,UHEWA,58,17,20,562.00,"11,240.00"
2026-05-06,441,2026050605010334,ULHC,58,64,100,570.00,"57,000.00"
2026-05-06,442,2026050605010333,ULHC,58,54,100,515.00,"51,500.00"
2026-05-06,443,2026050605010332,ULHC,58,45,25,515.00,"12,875.00"
2026-05-06,444,2026050605010331,ULHC,58,47,100,515.00,"51,500.00"
2026-05-06,445,2026050605010330,ULHC,58,16,275,515.00,"141,625.00"
2026-05-06,446,2026050605010193,ULHC,71,58,10,499.60,"4,996.00"
2026-05-06,447,2026050605009918,ULHC,58,58,40,500.00,"20,000.00"
2026-05-06,448,2026050605009889,ULHC,56,58,10,500.00,"5,000.00"
2026-05-06,449,2026050605010092,ULHC,58,58,40,500.00,"20,000.00"
2026-05-06,450,2026050605010087,ULHC,6,58,300,500.00,"150,000.00"
2026-05-06,451,2026050605010016,ULHC,19,58,50,500.00,"25,000.00"
2026-05-06,452,2026050605010015,ULHC,58,58,400,500.00,"200,000.00"
2026-05-06,453,2026050605010002,ULHC,44,58,50,500.00,"25,000.00"
2026-05-06,454,2026050605009927,ULHC,91,58,200,500.00,"100,000.00"
2026-05-06,455,2026050605010145,ULHC,58,34,100,511.90,"51,190.00"
2026-05-06,456,2026050605010144,ULHC,58,74,500,510.00,"255,000.00"
2026-05-06,457,2026050605010143,ULHC,58,56,10,510.00,"5,100.00"
2026-05-06,458,2026050605010142,ULHC,58,49,10,510.00,"5,100.00"
2026-05-06,459,2026050605010141,ULHC,58,74,485,500.00,"242,500.00"
2026-05-06,460,2026050605010138,ULHC,58,74,15,500.00,"7,500.00"
2026-05-06,461,2026050605010151,ULHC,58,34,150,514.00,"77,100.00"
2026-05-06,462,2026050605010150,ULHC,58,36,50,514.00,"25,700.00"
2026-05-06,463,2026050605010149,ULHC,58,44,100,514.00,"51,400.00"
2026-05-06,464,2026050605010148,ULHC,58,33,"1,000",513.00,"513,000.00"
2026-05-06,465,2026050605010147,ULHC,58,34,200,512.90,"102,580.00"
2026-05-06,466,2026050605010146,ULHC,58,39,10,512.00,"5,120.00"
2026-05-06,467,2026050605010157,ULHC,58,36,200,514.40,"102,880.00"
2026-05-06,468,2026050605010156,ULHC,58,58,10,514.20,"5,142.00"
2026-05-06,469,2026050605010155,ULHC,58,52,100,514.00,"51,400.00"
2026-05-06,470,2026050605010154,ULHC,58,44,500,514.00,"257,000.00"
2026-05-06,471,2026050605010153,ULHC,58,32,18,514.00,"9,252.00"
2026-05-06,472,2026050605010152,ULHC,58,33,"1,000",514.00,"514,000.00"
2026-05-06,473,2026050605010163,ULHC,58,43,200,515.00,"103,000.00"
2026-05-06,474,2026050605010162,ULHC,58,32,800,515.00,"412,000.00"
2026-05-06,475,2026050605010161,ULHC,58,32,800,515.00,"412,000.00"
2026-05-06,476,2026050605010160,ULHC,58,14,50,514.90,"25,745.00"
2026-05-06,477,2026050605010159,ULHC,58,36,200,514.90,"102,980.00"
2026-05-06,478,2026050605010158,ULHC,58,33,500,514.90,"257,450.00"
2026-05-06,479,2026050605010169,ULHC,58,51,597,515.00,"307,455.00"
2026-05-06,480,2026050605010168,ULHC,58,49,200,515.00,"103,000.00"
2026-05-06,481,2026050605010167,ULHC,58,28,25,515.00,"12,875.00"
2026-05-06,482,2026050605010166,ULHC,58,42,500,515.00,"257,500.00"
2026-05-06,483,2026050605010165,ULHC,58,45,50,515.00,"25,750.00"
2026-05-06,484,2026050605010164,ULHC,58,36,200,515.00,"103,000.00"
2026-05-06,485,2026050605010175,ULHC,58,17,100,515.00,"51,500.00"
2026-05-06,486,2026050605010174,ULHC,58,3,100,515.00,"51,500.00"
2026-05-06,487,2026050605010173,ULHC,58,58,20,515.00,"10,300.00"
2026-05-06,488,2026050605010172,ULHC,58,35,40,515.00,"20,600.00"
2026-05-06,489,2026050605010171,ULHC,58,42,10,515.00,"5,150.00"
2026-05-06,490,2026050605010170,ULHC,58,58,10,515.00,"5,150.00"
2026-05-06,491,2026050605010192,ULHC,71,36,500,499.60,"249,800.00"
2026-05-06,492,2026050605010191,ULHC,49,36,500,499.70,"249,850.00"
2026-05-06,493,2026050605010179,ULHC,58,16,725,515.00,"373,375.00"
2026-05-06,494,2026050605010178,ULHC,58,41,400,515.00,"206,000.00"
2026-05-06,495,2026050605010177,ULHC,58,90,10,515.00,"5,150.00"
2026-05-06,496,2026050605010176,ULHC,58,45,20,515.00,"10,300.00"
2026-05-06,497,2026050605010326,USHL,62,41,10,647.00,"6,470.00"
2026-05-06,498,2026050605009849,USHL,10,77,96,636.00,"61,056.00"
2026-05-06,499,2026050605010123,VLUCL,17,41,20,481.00,"9,620.00"
2026-05-06,500,2026050605010122,VLUCL,17,10,70,480.50,"33,635.00"
2026-05-06,501,2026050605009778,BEDC,42,58,290,352.00,"102,080.00"
2026-05-06,502,2026050605009740,BEDC,41,53,170,353.00,"60,010.00"
2026-05-06,503,2026050605009739,BEDC,41,49,340,353.00,"120,020.00"
2026-05-06,504,2026050605009738,BEDC,41,58,200,353.00,"70,600.00"
2026-05-06,505,2026050605009390,BEDC,34,14,150,351.00,"52,650.00"
2026-05-06,506,2026050605009369,BEDC,35,14,30,351.00,"10,530.00"
2026-05-06,507,2026050605009441,BEDC,26,6,118,350.80,"41,394.40"
2026-05-06,508,2026050605009440,BEDC,51,6,92,350.80,"32,273.60"
2026-05-06,509,2026050605009413,BEDC,6,6,32,350.90,"11,228.80"
2026-05-06,510,2026050605009412,BEDC,49,6,50,350.90,"17,545.00"
2026-05-06,511,2026050605009396,BEDC,49,43,10,350.90,"3,509.00"
2026-05-06,512,2026050605009609,BEDC,57,13,70,351.00,"24,570.00"
2026-05-06,513,2026050605009568,BEDC,26,21,10,350.80,"3,508.00"
2026-05-06,514,2026050605009498,BEDC,94,44,10,351.00,"3,510.00"
2026-05-06,515,2026050605009445,BEDC,34,14,100,351.00,"35,100.00"
2026-05-06,516,2026050605009737,BEDC,41,26,290,353.00,"102,370.00"
2026-05-06,517,2026050605009685,BEDC,42,26,10,353.00,"3,530.00"
2026-05-06,518,2026050605009684,BEDC,42,42,10,352.00,"3,520.00"
2026-05-06,519,2026050605009765,BGWT,1,14,11,657.00,"7,227.00"
2026-05-06,520,2026050605009708,BGWT,82,14,75,657.00,"49,275.00"
2026-05-06,521,2026050605009447,BGWT,64,14,70,657.00,"45,990.00"
2026-05-06,522,2026050605009603,BGWT,82,14,100,657.00,"65,700.00"
2026-05-06,523,2026050605009551,BGWT,89,14,25,657.00,"16,425.00"
2026-05-06,524,2026050605009719,BHDC,75,32,15,453.90,"6,808.50"
2026-05-06,525,2026050605009660,BHDC,34,34,15,453.20,"6,798.00"
2026-05-06,526,2026050605009659,BHDC,58,34,200,453.30,"90,660.00"
2026-05-06,527,2026050605009409,BHDC,42,11,100,454.00,"45,400.00"
2026-05-06,528,2026050605009805,BHL,5,44,50,215.10,"10,755.00"
2026-05-06,529,2026050605009803,BHL,58,44,150,215.10,"32,265.00"
2026-05-06,530,2026050605009770,BHL,35,34,187,215.00,"40,205.00"
2026-05-06,531,2026050605009769,BHL,42,34,13,215.00,"2,795.00"
2026-05-06,532,2026050605009758,BHL,42,20,118,215.00,"25,370.00"
2026-05-06,533,2026050605009757,BHL,32,20,450,215.10,"96,795.00"
2026-05-06,534,2026050605009408,BHL,58,74,10,215.70,"2,157.00"
2026-05-06,535,2026050605009404,BHL,32,40,250,215.50,"53,875.00"
2026-05-06,536,2026050605009510,BHL,42,85,450,215.30,"96,885.00"
2026-05-06,537,2026050605009509,BHL,32,85,50,215.50,"10,775.00"
2026-05-06,538,2026050605009476,BHL,21,16,270,215.70,"58,239.00"
2026-05-06,539,2026050605009475,BHL,21,45,60,215.70,"12,942.00"
2026-05-06,540,2026050605009474,BHL,21,74,170,215.70,"36,669.00"
2026-05-06,541,2026050605009463,BHL,32,42,200,215.50,"43,100.00"
2026-05-06,542,2026050605009602,BHL,49,14,126,215.10,"27,102.60"
2026-05-06,543,2026050605009601,BHL,25,14,359,215.10,"77,220.90"
2026-05-06,544,2026050605009600,BHL,45,14,115,215.10,"24,736.50"
2026-05-06,545,2026050605009571,BHL,7,14,20,215.30,"4,306.00"
2026-05-06,546,2026050605009570,BHL,49,14,20,215.30,"4,306.00"
2026-05-06,547,2026050605009569,BHL,42,14,60,215.30,"12,918.00"
2026-05-06,548,2026050605009756,BHL,36,20,232,215.10,"49,903.20"
2026-05-06,549,2026050605009744,BHL,42,29,309,215.00,"66,435.00"
2026-05-06,550,2026050605009743,BHL,38,29,41,215.00,"8,815.00"
2026-05-06,551,2026050605009742,BHL,38,41,59,215.00,"12,685.00"
2026-05-06,552,2026050605009741,BHL,42,41,81,215.00,"17,415.00"
2026-05-06,553,2026050605009647,BHL,49,14,74,215.10,"15,917.40"
2026-05-06,554,2026050605009627,BHPL,42,32,90,514.00,"46,260.00"
2026-05-06,555,2026050605009626,BHPL,8,32,10,514.00,"5,140.00"
2026-05-06,556,2026050605009613,BHPL,32,49,100,514.20,"51,420.00"
2026-05-06,557,2026050605009564,BHPL,19,49,40,514.20,"20,568.00"
2026-05-06,558,2026050605009414,BHPL,95,13,20,515.00,"10,300.00"
2026-05-06,559,2026050605009807,BNHC,58,32,315,314.50,"99,067.50"
2026-05-06,560,2026050605009794,BNHC,42,14,10,315.00,"3,150.00"
2026-05-06,561,2026050605009512,CIT,42,49,80,"1,758.00","140,640.00"
2026-05-06,562,2026050605009511,CIT,38,49,10,"1,758.00","17,580.00"
2026-05-06,563,2026050605009519,CLI,44,66,13,450.10,"5,851.30"
2026-05-06,564,2026050605009468,CLI,44,34,13,450.10,"5,851.30"
2026-05-06,565,2026050605009792,DOLTI,34,57,10,345.20,"3,452.00"
2026-05-06,566,2026050605009788,DOLTI,22,51,10,350.00,"3,500.00"
2026-05-06,567,2026050605009731,DOLTI,62,22,120,345.00,"41,400.00"
2026-05-06,568,2026050605009730,DOLTI,42,22,100,345.00,"34,500.00"
2026-05-06,569,2026050605009729,DOLTI,41,22,10,345.00,"3,450.00"
2026-05-06,570,2026050605009505,DOLTI,22,22,100,345.00,"34,500.00"
2026-05-06,571,2026050605009466,DOLTI,50,22,170,345.00,"58,650.00"
2026-05-06,572,2026050605009439,DOLTI,50,41,330,345.00,"113,850.00"
2026-05-06,573,2026050605009428,DOLTI,41,58,214,344.60,"73,744.40"
2026-05-06,574,2026050605009427,DOLTI,34,58,31,344.60,"10,682.60"
2026-05-06,575,2026050605009777,DORDI,56,35,10,271.00,"2,710.00"
2026-05-06,576,2026050605009736,DORDI,35,45,180,270.00,"48,600.00"
2026-05-06,577,2026050605009700,DORDI,8,58,"1,000",270.00,"270,000.00"
2026-05-06,578,2026050605009567,DORDI,41,56,98,270.00,"26,460.00"
2026-05-06,579,2026050605009566,DORDI,34,56,80,270.00,"21,600.00"
2026-05-06,580,2026050605009565,DORDI,57,56,122,270.00,"32,940.00"
2026-05-06,581,2026050605009356,DORDI,8,14,100,270.10,"27,010.00"
2026-05-06,582,2026050605009355,DORDI,58,14,20,270.20,"5,404.00"
2026-05-06,583,2026050605009354,DORDI,6,14,30,270.20,"8,106.00"
2026-05-06,584,2026050605009353,DORDI,42,14,100,270.30,"27,030.00"
2026-05-06,585,2026050605009352,DORDI,16,14,30,270.40,"8,112.00"
2026-05-06,586,2026050605009388,DORDI,48,14,330,270.00,"89,100.00"
2026-05-06,587,2026050605009387,DORDI,42,14,50,270.00,"13,500.00"
2026-05-06,588,2026050605009386,DORDI,57,14,20,270.00,"5,400.00"
2026-05-06,589,2026050605009385,DORDI,48,14,600,270.00,"162,000.00"
2026-05-06,590,2026050605009358,DORDI,48,14,400,270.00,"108,000.00"
2026-05-06,591,2026050605009357,DORDI,42,14,320,270.10,"86,432.00"
2026-05-06,592,2026050605009454,DORDI,58,14,100,270.00,"27,000.00"
2026-05-06,593,2026050605009453,DORDI,32,14,50,270.00,"13,500.00"
2026-05-06,594,2026050605009452,DORDI,45,14,30,270.00,"8,100.00"
2026-05-06,595,2026050605009451,DORDI,45,14,10,270.00,"2,700.00"
2026-05-06,596,2026050605009450,DORDI,33,14,200,270.00,"54,000.00"
2026-05-06,597,2026050605009449,DORDI,48,14,170,270.00,"45,900.00"
2026-05-06,598,2026050605009460,DORDI,58,14,40,270.00,"10,800.00"
2026-05-06,599,2026050605009459,DORDI,89,14,90,270.00,"24,300.00"
2026-05-06,600,2026050605009458,DORDI,38,14,200,270.00,"54,000.00"
2026-05-06,601,2026050605009457,DORDI,57,14,20,270.00,"5,400.00"
2026-05-06,602,2026050605009456,DORDI,36,14,50,270.00,"13,500.00"
2026-05-06,603,2026050605009455,DORDI,11,14,40,270.00,"10,800.00"
2026-05-06,604,2026050605009483,DORDI,57,21,500,270.00,"135,000.00"
2026-05-06,605,2026050605009482,DORDI,26,21,20,270.00,"5,400.00"
2026-05-06,606,2026050605009481,DORDI,58,21,50,270.00,"13,500.00"
2026-05-06,607,2026050605009480,DORDI,11,21,10,270.00,"2,700.00"
2026-05-06,608,2026050605009479,DORDI,41,21,500,270.00,"135,000.00"
2026-05-06,609,2026050605009478,DORDI,58,21,34,270.00,"9,180.00"
2026-05-06,610,2026050605009489,DORDI,35,21,686,270.00,"185,220.00"
2026-05-06,611,2026050605009488,DORDI,58,21,"1,800",270.00,"486,000.00"
2026-05-06,612,2026050605009487,DORDI,8,21,200,270.00,"54,000.00"
2026-05-06,613,2026050605009486,DORDI,26,21,500,270.00,"135,000.00"
2026-05-06,614,2026050605009485,DORDI,56,21,600,270.00,"162,000.00"
2026-05-06,615,2026050605009484,DORDI,5,21,100,270.00,"27,000.00"
2026-05-06,616,2026050605009518,DORDI,57,14,78,270.00,"21,060.00"
2026-05-06,617,2026050605009517,DORDI,34,14,20,270.00,"5,400.00"
2026-05-06,618,2026050605009516,DORDI,62,14,370,270.00,"99,900.00"
2026-05-06,619,2026050605009515,DORDI,49,14,78,270.00,"21,060.00"
2026-05-06,620,2026050605009514,DORDI,58,14,110,270.00,"29,700.00"
2026-05-06,621,2026050605009513,DORDI,35,14,14,270.00,"3,780.00"
2026-05-06,622,2026050605009791,EHPL,34,35,80,379.00,"30,320.00"
2026-05-06,623,2026050605009790,EHPL,34,18,20,378.90,"7,578.00"
2026-05-06,624,2026050605009764,EHPL,62,18,100,378.90,"37,890.00"
2026-05-06,625,2026050605009754,EHPL,42,35,100,379.00,"37,900.00"
2026-05-06,626,2026050605009734,EHPL,38,35,30,379.00,"11,370.00"
2026-05-06,627,2026050605009693,EHPL,4,35,15,379.00,"5,685.00"
2026-05-06,628,2026050605009526,EHPL,41,35,50,379.00,"18,950.00"
2026-05-06,629,2026050605009525,EHPL,40,35,50,379.00,"18,950.00"
2026-05-06,630,2026050605009524,EHPL,45,35,30,379.00,"11,370.00"
2026-05-06,631,2026050605009523,EHPL,4,35,60,379.20,"22,752.00"
2026-05-06,632,2026050605009522,EHPL,58,35,40,379.20,"15,168.00"
2026-05-06,633,2026050605009350,EHPL,42,45,130,379.20,"49,296.00"
2026-05-06,634,2026050605009554,ENL,101,57,20,879.00,"17,580.00"
2026-05-06,635,2026050605009507,ENL,35,57,20,880.00,"17,600.00"
2026-05-06,636,2026050605009490,ENL,39,57,10,880.10,"8,801.00"
2026-05-06,637,2026050605009346,ENL,28,8,50,890.00,"44,500.00"
2026-05-06,638,2026050605009836,GCIL,32,57,12,415.50,"4,986.00"
2026-05-06,639,2026050605009499,GCIL,32,58,20,418.00,"8,360.00"
2026-05-06,640,2026050605009467,GCIL,32,17,12,415.50,"4,986.00"
2026-05-06,641,2026050605009722,GVL,99,90,300,485.00,"145,500.00"
2026-05-06,642,2026050605009721,GVL,54,90,79,485.00,"38,315.00"
2026-05-06,643,2026050605009534,GVL,54,36,11,485.00,"5,335.00"
2026-05-06,644,2026050605009838,HDL,38,17,82,"1,151.00","94,382.00"
2026-05-06,645,2026050605009837,HDL,38,49,18,"1,151.00","20,718.00"
2026-05-06,646,2026050605009425,HDL,45,49,50,"1,151.00","57,550.00"
2026-05-06,647,2026050605009410,HDL,58,49,10,"1,151.00","11,510.00"
2026-05-06,648,2026050605009405,HDL,29,49,16,"1,151.00","18,416.00"
2026-05-06,649,2026050605009348,HDL,75,49,42,"1,151.00","48,342.00"
2026-05-06,650,2026050605009735,HDL,77,49,10,"1,151.00","11,510.00"
2026-05-06,651,2026050605009681,HDL,34,49,50,"1,151.00","57,550.00"
2026-05-06,652,2026050605009628,HDL,6,49,300,"1,151.00","345,300.00"
2026-05-06,653,2026050605009617,HDL,35,49,10,"1,151.00","11,510.00"
2026-05-06,654,2026050605009614,HDL,51,49,80,"1,151.00","92,080.00"
2026-05-06,655,2026050605009824,HHL,14,6,190,369.00,"70,110.00"
2026-05-06,656,2026050605009823,HHL,14,6,10,368.70,"3,687.00"
2026-05-06,657,2026050605009706,HHL,29,82,975,367.70,"358,507.50"
2026-05-06,658,2026050605009705,HHL,84,82,"1,000",368.00,"368,000.00"
2026-05-06,659,2026050605009527,HHL,18,45,100,368.00,"36,800.00"
2026-05-06,660,2026050605009506,HHL,35,45,100,368.00,"36,800.00"
2026-05-06,661,2026050605009704,HHL,62,82,100,368.00,"36,800.00"
2026-05-06,662,2026050605009703,HHL,18,82,50,368.00,"18,400.00"
2026-05-06,663,2026050605009702,HHL,62,82,660,368.20,"243,012.00"
2026-05-06,664,2026050605009701,HHL,62,82,130,368.30,"47,879.00"
2026-05-06,665,2026050605009760,HIDCL,44,53,390,261.90,"102,141.00"
2026-05-06,666,2026050605009753,HIDCL,58,57,885,261.50,"231,427.50"
2026-05-06,667,2026050605009669,HIDCL,5,53,29,261.90,"7,595.10"
2026-05-06,668,2026050605009533,HIDCL,58,38,140,261.50,"36,610.00"
2026-05-06,669,2026050605009532,HIDCL,58,38,10,261.60,"2,616.00"
2026-05-06,670,2026050605009531,HIDCL,34,38,38,261.60,"9,940.80"
2026-05-06,671,2026050605009436,HIDCL,39,36,100,262.00,"26,200.00"
2026-05-06,672,2026050605009435,HIDCL,42,36,195,262.00,"51,090.00"
2026-05-06,673,2026050605009399,HIDCL,32,53,10,262.70,"2,627.00"
2026-05-06,674,2026050605009530,HIDCL,32,38,400,261.60,"104,640.00"
2026-05-06,675,2026050605009529,HIDCL,45,38,100,261.70,"26,170.00"
2026-05-06,676,2026050605009461,HIDCL,46,38,100,262.00,"26,200.00"
2026-05-06,677,2026050605009448,HIDCL,75,38,17,262.00,"4,454.00"
2026-05-06,678,2026050605009438,HIDCL,53,38,195,262.00,"51,090.00"
2026-05-06,679,2026050605009437,HIDCL,53,36,155,262.00,"40,610.00"
2026-05-06,680,2026050605009822,HRL,53,56,21,654.00,"13,734.00"
2026-05-06,681,2026050605009795,HRL,32,14,30,654.20,"19,626.00"
2026-05-06,682,2026050605009732,HRL,45,14,200,654.20,"130,840.00"
2026-05-06,683,2026050605009723,HRL,53,52,190,654.00,"124,260.00"
2026-05-06,684,2026050605009423,HRL,41,39,10,654.10,"6,541.00"
2026-05-06,685,2026050605009422,HRL,85,39,171,654.10,"111,851.10"
2026-05-06,686,2026050605009383,HRL,85,6,189,654.10,"123,624.90"
2026-05-06,687,2026050605009347,HRL,85,57,10,654.10,"6,541.00"
2026-05-06,688,2026050605009494,HRL,54,14,20,654.20,"13,084.00"
2026-05-06,689,2026050605009491,HRL,85,63,500,654.10,"327,050.00"
2026-05-06,690,2026050605009465,HRL,66,57,140,654.10,"91,574.00"
2026-05-06,691,2026050605009424,HRL,47,39,19,654.00,"12,426.00"
2026-05-06,692,2026050605009552,HRL,47,58,39,654.00,"25,506.00"
2026-05-06,693,2026050605009585,HRL,53,90,21,654.00,"13,734.00"
2026-05-06,694,2026050605009584,HRL,49,90,70,654.00,"45,780.00"
2026-05-06,695,2026050605009583,HRL,34,90,150,654.00,"98,100.00"
2026-05-06,696,2026050605009582,HRL,45,90,20,654.00,"13,080.00"
2026-05-06,697,2026050605009581,HRL,49,90,39,654.00,"25,506.00"
2026-05-06,698,2026050605009553,HRL,49,58,11,654.00,"7,194.00"
2026-05-06,699,2026050605009610,HRL,53,47,80,654.00,"52,320.00"
2026-05-06,700,2026050605009598,HRL,66,57,480,654.10,"313,968.00"
2026-05-06,701,2026050605009595,HRL,53,17,22,654.00,"14,388.00"
2026-05-06,702,2026050605009680,HRL,58,14,47,654.20,"30,747.40"
2026-05-06,703,2026050605009663,HRL,53,89,10,654.00,"6,540.00"
2026-05-06,704,2026050605009658,HRL,39,14,30,654.20,"19,626.00"
2026-05-06,705,2026050605009657,HRL,39,57,20,654.10,"13,082.00"
2026-05-06,706,2026050605009434,IHL,21,34,10,400.00,"4,000.00"
2026-05-06,707,2026050605009403,IHL,21,34,10,400.00,"4,000.00"
2026-05-06,708,2026050605009378,IHL,11,34,30,400.10,"12,003.00"
2026-05-06,709,2026050605009362,IHL,11,26,20,400.10,"8,002.00"
2026-05-06,710,2026050605009775,ILI,57,34,10,433.00,"4,330.00"
2026-05-06,711,2026050605009774,ILI,22,34,16,433.00,"6,928.00"
2026-05-06,712,2026050605009752,ILI,29,43,12,434.00,"5,208.00"
2026-05-06,713,2026050605009751,ILI,29,51,50,434.00,"21,700.00"
2026-05-06,714,2026050605009750,ILI,29,45,10,434.00,"4,340.00"
2026-05-06,715,2026050605009749,ILI,29,43,34,434.00,"14,756.00"
2026-05-06,716,2026050605009361,ILI,22,45,84,433.00,"36,372.00"
2026-05-06,717,2026050605009407,MAKAR,57,96,80,486.00,"38,880.00"
2026-05-06,718,2026050605009796,MBJC,38,5,10,281.00,"2,810.00"
2026-05-06,719,2026050605009648,MBJC,19,40,50,280.20,"14,010.00"
2026-05-06,720,2026050605009411,MBJC,59,5,20,281.00,"5,620.00"
2026-05-06,721,2026050605009733,MCHL,39,11,10,312.00,"3,120.00"
2026-05-06,722,2026050605009646,MCHL,34,3,254,305.00,"77,470.00"
2026-05-06,723,2026050605009645,MCHL,25,3,100,305.00,"30,500.00"
2026-05-06,724,2026050605009644,MCHL,14,3,30,305.00,"9,150.00"
2026-05-06,725,2026050605009643,MCHL,38,3,50,305.00,"15,250.00"
2026-05-06,726,2026050605009642,MCHL,36,3,20,305.00,"6,100.00"
2026-05-06,727,2026050605009629,MCHL,57,3,40,308.00,"12,320.00"
2026-05-06,728,2026050605009635,MCHL,58,3,390,306.00,"119,340.00"
2026-05-06,729,2026050605009634,MCHL,49,3,10,306.00,"3,060.00"
2026-05-06,730,2026050605009633,MCHL,22,3,80,306.00,"24,480.00"
2026-05-06,731,2026050605009632,MCHL,5,3,100,307.00,"30,700.00"
2026-05-06,732,2026050605009631,MCHL,22,3,50,307.00,"15,350.00"
2026-05-06,733,2026050605009630,MCHL,18,3,50,307.10,"15,355.00"
2026-05-06,734,2026050605009641,MCHL,10,3,"2,000",305.00,"610,000.00"
2026-05-06,735,2026050605009640,MCHL,58,3,30,305.00,"9,150.00"
2026-05-06,736,2026050605009639,MCHL,57,3,99,305.10,"30,204.90"
2026-05-06,737,2026050605009638,MCHL,17,3,500,305.10,"152,550.00"
2026-05-06,738,2026050605009637,MCHL,29,3,25,305.60,"7,640.00"
2026-05-06,739,2026050605009636,MCHL,32,3,50,305.60,"15,280.00"
2026-05-06,740,2026050605009762,MEHL,57,1,100,373.70,"37,370.00"
2026-05-06,741,2026050605009469,MEHL,57,49,10,373.70,"3,737.00"
2026-05-06,742,2026050605009384,MEHL,74,14,100,374.00,"37,400.00"
2026-05-06,743,2026050605009368,MEHL,6,14,106,374.00,"39,644.00"
2026-05-06,744,2026050605009367,MEHL,58,14,10,374.00,"3,740.00"
2026-05-06,745,2026050605009366,MEHL,42,14,120,374.00,"44,880.00"
2026-05-06,746,2026050605009365,MEHL,57,14,671,374.00,"250,954.00"
2026-05-06,747,2026050605009761,MEL,8,58,400,229.00,"91,600.00"
2026-05-06,748,2026050605009686,MEL,43,53,568,228.90,"130,015.20"
2026-05-06,749,2026050605009351,MEL,14,57,10,229.10,"2,291.00"
2026-05-06,750,2026050605009501,MEL,4,58,152,229.10,"34,823.20"
2026-05-06,751,2026050605009500,MEL,14,58,50,229.10,"11,455.00"
2026-05-06,752,2026050605009542,MEL,25,53,300,228.90,"68,670.00"
2026-05-06,753,2026050605009541,MEL,45,53,32,229.00,"7,328.00"
2026-05-06,754,2026050605009504,MEL,45,58,168,229.00,"38,472.00"
2026-05-06,755,2026050605009503,MEL,6,58,50,229.00,"11,450.00"
2026-05-06,756,2026050605009502,MEL,4,58,80,229.00,"18,320.00"
2026-05-06,757,2026050605009650,MEL,4,58,85,228.70,"19,439.50"
2026-05-06,758,2026050605009649,MEL,6,58,53,228.80,"12,126.40"
2026-05-06,759,2026050605009605,MEL,8,53,100,228.90,"22,890.00"
2026-05-06,760,2026050605009656,MEL,50,58,162,228.00,"36,936.00"
2026-05-06,761,2026050605009655,MEL,101,58,100,228.10,"22,810.00"
2026-05-06,762,2026050605009654,MEL,34,58,500,228.10,"114,050.00"
2026-05-06,763,2026050605009653,MEL,34,58,100,228.10,"22,810.00"
2026-05-06,764,2026050605009652,MEL,57,58,400,228.10,"91,240.00"
2026-05-06,765,2026050605009651,MEL,38,58,100,228.20,"22,820.00"
2026-05-06,766,2026050605009668,MEL,17,42,60,228.00,"13,680.00"
2026-05-06,767,2026050605009667,MEL,50,42,38,228.00,"8,664.00"
2026-05-06,768,2026050605009662,MHCL,41,44,10,345.10,"3,451.00"
2026-05-06,769,2026050605009521,MHL,40,58,50,490.00,"24,500.00"
2026-05-06,770,2026050605009395,MHL,40,58,465,490.00,"227,850.00"
2026-05-06,771,2026050605009394,MHL,40,21,116,490.00,"56,840.00"
2026-05-06,772,2026050605009827,MKHC,59,17,10,312.70,"3,127.00"
2026-05-06,773,2026050605009755,MKHC,4,89,30,312.70,"9,381.00"
2026-05-06,774,2026050605009618,MKHC,4,21,68,312.70,"21,263.60"
2026-05-06,775,2026050605009393,MKHC,60,8,80,312.50,"25,000.00"
2026-05-06,776,2026050605009392,MKHC,32,8,20,312.50,"6,250.00"
2026-05-06,777,2026050605009391,MKHC,13,8,500,312.60,"156,300.00"
2026-05-06,778,2026050605009712,MKHL,17,57,20,511.00,"10,220.00"
2026-05-06,779,2026050605009711,MKHL,46,57,30,511.10,"15,333.00"
2026-05-06,780,2026050605009710,MKHL,29,57,100,511.60,"51,160.00"
2026-05-06,781,2026050605009611,MKHL,49,57,17,512.50,"8,712.50"
2026-05-06,782,2026050605009606,MKHL,58,33,40,515.00,"20,600.00"
2026-05-06,783,2026050605009580,MKHL,51,57,30,515.00,"15,450.00"
2026-05-06,784,2026050605009340,MKHL,51,7,10,514.00,"5,140.00"
2026-05-06,785,2026050605009371,MKHL,51,57,10,515.00,"5,150.00"
2026-05-06,786,2026050605009345,MKHL,51,94,20,515.00,"10,300.00"
2026-05-06,787,2026050605009344,MKHL,51,32,30,515.00,"15,450.00"
2026-05-06,788,2026050605009343,MKHL,51,42,10,515.00,"5,150.00"
2026-05-06,789,2026050605009342,MKHL,51,41,10,515.00,"5,150.00"
2026-05-06,790,2026050605009341,MKHL,51,41,10,514.00,"5,140.00"
2026-05-06,791,2026050605009528,MMF1,28,4,"1,193",9.24,"11,023.32"
2026-05-06,792,2026050605009625,NBF3,38,59,210,9.82,"2,062.20"
2026-05-06,793,2026050605009624,NBF3,4,59,"4,300",9.82,"42,226.00"
2026-05-06,794,2026050605009579,NBF3,45,59,300,9.83,"2,949.00"
2026-05-06,795,2026050605009556,NICSF,89,46,300,9.25,"2,775.00"
2026-05-06,796,2026050605009683,NIFRA,44,28,16,260.30,"4,164.80"
2026-05-06,797,2026050605009682,NIFRA,58,28,34,260.40,"8,853.60"
2026-05-06,798,2026050605009599,NIFRA,44,14,600,260.30,"156,180.00"
2026-05-06,799,2026050605009597,NIFRA,44,44,500,260.30,"130,150.00"
2026-05-06,800,2026050605009555,NIFRA,44,35,32,260.30,"8,329.60"
2026-05-06,801,2026050605009496,NIFRA,42,34,445,260.50,"115,922.50"
2026-05-06,802,2026050605009442,NIFRA,42,34,315,260.50,"82,057.50"
2026-05-06,803,2026050605009400,NIFRA,57,45,4,260.00,"1,040.00"
2026-05-06,804,2026050605009364,NIFRA,39,7,90,260.70,"23,463.00"
2026-05-06,805,2026050605009363,NIFRA,39,74,60,260.50,"15,630.00"
2026-05-06,806,2026050605009819,NRIC,35,17,31,875.60,"27,143.60"
2026-05-06,807,2026050605009818,NRIC,34,17,50,876.00,"43,800.00"
2026-05-06,808,2026050605009817,NRIC,58,17,50,876.00,"43,800.00"
2026-05-06,809,2026050605009816,NRIC,58,17,10,876.00,"8,760.00"
2026-05-06,810,2026050605009815,NRIC,39,17,10,876.00,"8,760.00"
2026-05-06,811,2026050605009814,NRIC,58,17,15,876.00,"13,140.00"
2026-05-06,812,2026050605009432,NRIC,22,51,10,879.00,"8,790.00"
2026-05-06,813,2026050605009431,NRIC,4,51,33,879.00,"29,007.00"
2026-05-06,814,2026050605009406,NRIC,4,101,75,879.00,"65,925.00"
2026-05-06,815,2026050605009377,NRIC,35,101,10,880.00,"8,800.00"
2026-05-06,816,2026050605009376,NRIC,16,101,40,880.00,"35,200.00"
2026-05-06,817,2026050605009768,NRIC,41,48,10,879.00,"8,790.00"
2026-05-06,818,2026050605009767,NRIC,29,48,30,879.00,"26,370.00"
2026-05-06,819,2026050605009766,NRIC,62,48,27,879.00,"23,733.00"
2026-05-06,820,2026050605009763,NRIC,62,42,11,879.00,"9,669.00"
2026-05-06,821,2026050605009604,NRIC,40,42,14,880.00,"12,320.00"
2026-05-06,822,2026050605009433,NRIC,62,51,12,879.00,"10,548.00"
2026-05-06,823,2026050605009813,NRIC,13,17,100,876.00,"87,600.00"
2026-05-06,824,2026050605009812,NRIC,101,17,34,876.00,"29,784.00"
2026-05-06,825,2026050605009811,NRIC,38,17,20,876.20,"17,524.00"
2026-05-06,826,2026050605009810,NRIC,84,17,80,876.30,"70,104.00"
2026-05-06,827,2026050605009809,NRIC,38,17,50,877.00,"43,850.00"
2026-05-06,828,2026050605009808,NRIC,5,17,50,878.00,"43,900.00"
2026-05-06,829,2026050605009797,NRM,38,62,56,397.90,"22,282.40"
2026-05-06,830,2026050605009718,NRM,57,58,10,396.00,"3,960.00"
2026-05-06,831,2026050605009495,NRM,38,49,44,392.40,"17,265.60"
2026-05-06,832,2026050605009470,NRM,19,49,200,392.40,"78,480.00"
2026-05-06,833,2026050605009375,NRM,62,57,10,392.30,"3,923.00"
2026-05-06,834,2026050605009784,NRN,26,72,50,"1,381.00","69,050.00"
2026-05-06,835,2026050605009783,NRN,50,72,25,"1,381.00","34,525.00"
2026-05-06,836,2026050605009782,NRN,58,72,10,"1,381.00","13,810.00"
2026-05-06,837,2026050605009402,NRN,3,41,15,"1,380.10","20,701.50"
2026-05-06,838,2026050605009594,NRN,3,72,30,"1,380.10","41,403.00"
2026-05-06,839,2026050605009593,NRN,21,72,10,"1,380.20","13,802.00"
2026-05-06,840,2026050605009592,NRN,32,72,50,"1,380.20","69,010.00"
2026-05-06,841,2026050605009591,NRN,58,72,10,"1,380.20","13,802.00"
2026-05-06,842,2026050605009781,NRN,29,72,15,"1,381.00","20,715.00"
2026-05-06,843,2026050605009546,NSIF2,39,19,"1,600",10.99,"17,584.00"
2026-05-06,844,2026050605009545,NSIF2,39,42,100,10.99,"1,099.00"
2026-05-06,845,2026050605009544,NSIF2,39,58,100,10.72,"1,072.00"
2026-05-06,846,2026050605009543,NSIF2,39,34,100,10.70,"1,070.00"
2026-05-06,847,2026050605009557,NTC,46,13,20,874.50,"17,490.00"
2026-05-06,848,2026050605009745,NYADI,45,44,10,387.00,"3,870.00"
2026-05-06,849,2026050605009826,PHCL,16,13,169,295.10,"49,871.90"
2026-05-06,850,2026050605009825,PHCL,39,13,131,295.20,"38,671.20"
2026-05-06,851,2026050605009679,PHCL,39,32,169,295.20,"49,888.80"
2026-05-06,852,2026050605009678,PHCL,45,32,500,295.30,"147,650.00"
2026-05-06,853,2026050605009677,PHCL,38,32,27,295.30,"7,973.10"
2026-05-06,854,2026050605009676,PHCL,45,32,100,296.00,"29,600.00"
2026-05-06,855,2026050605009587,PHCL,59,57,10,296.10,"2,961.00"
2026-05-06,856,2026050605009549,PHCL,32,8,50,296.00,"14,800.00"
2026-05-06,857,2026050605009548,PHCL,62,8,50,296.00,"14,800.00"
2026-05-06,858,2026050605009547,PHCL,58,8,100,296.10,"29,610.00"
2026-05-06,859,2026050605009398,PHCL,58,35,450,297.00,"133,650.00"
2026-05-06,860,2026050605009397,PHCL,58,52,50,296.80,"14,840.00"
2026-05-06,861,2026050605009675,PHCL,42,32,65,296.00,"19,240.00"
2026-05-06,862,2026050605009674,PHCL,45,32,20,296.00,"5,920.00"
2026-05-06,863,2026050605009673,PHCL,45,32,150,296.00,"44,400.00"
2026-05-06,864,2026050605009672,PHCL,32,32,159,296.00,"47,064.00"
2026-05-06,865,2026050605009671,PHCL,58,32,100,296.10,"29,610.00"
2026-05-06,866,2026050605009670,PHCL,59,32,70,296.10,"20,727.00"
2026-05-06,867,2026050605009698,PPL,49,48,10,343.00,"3,430.00"
2026-05-06,868,2026050605009561,PPL,59,95,908,342.00,"310,536.00"
2026-05-06,869,2026050605009560,PPL,43,95,20,342.00,"6,840.00"
2026-05-06,870,2026050605009559,PPL,43,95,22,342.00,"7,524.00"
2026-05-06,871,2026050605009558,PPL,48,95,50,342.20,"17,110.00"
2026-05-06,872,2026050605009462,PPL,48,17,50,342.20,"17,110.00"
2026-05-06,873,2026050605009372,PPL,43,58,15,342.00,"5,130.00"
2026-05-06,874,2026050605009800,RFPL,36,4,90,368.00,"33,120.00"
2026-05-06,875,2026050605009776,RFPL,58,4,100,368.00,"36,800.00"
2026-05-06,876,2026050605009421,RFPL,49,36,60,368.00,"22,080.00"
2026-05-06,877,2026050605009420,RFPL,34,36,290,368.00,"106,720.00"
2026-05-06,878,2026050605009419,RFPL,42,36,81,368.00,"29,808.00"
2026-05-06,879,2026050605009418,RFPL,34,36,100,368.00,"36,800.00"
2026-05-06,880,2026050605009417,RFPL,3,36,274,368.00,"100,832.00"
2026-05-06,881,2026050605009804,RHGCL,58,32,10,291.50,"2,915.00"
2026-05-06,882,2026050605009798,RHGCL,98,42,45,289.10,"13,009.50"
2026-05-06,883,2026050605009473,RHGCL,98,34,310,289.30,"89,683.00"
2026-05-06,884,2026050605009472,RHGCL,56,34,200,289.40,"57,880.00"
2026-05-06,885,2026050605009471,RHGCL,4,34,90,290.00,"26,100.00"
2026-05-06,886,2026050605009801,RNLI,43,40,2,443.00,886.00
2026-05-06,887,2026050605009793,RNLI,17,34,56,456.70,"25,575.20"
2026-05-06,888,2026050605009426,RNLI,6,50,40,456.80,"18,272.00"
2026-05-06,889,2026050605009615,RNLI,11,42,25,456.70,"11,417.50"
2026-05-06,890,2026050605009497,RNLI,11,35,12,456.70,"5,480.40"
2026-05-06,891,2026050605009699,RNLI,17,50,72,456.70,"32,882.40"
2026-05-06,892,2026050605009666,RNLI,17,6,12,456.70,"5,480.40"
2026-05-06,893,2026050605009616,RNLI,17,42,43,456.70,"19,638.10"
2026-05-06,894,2026050605009833,SAHAS,96,36,289,614.00,"177,446.00"
2026-05-06,895,2026050605009832,SAHAS,38,36,50,614.00,"30,700.00"
2026-05-06,896,2026050605009831,SAHAS,33,36,145,614.00,"89,030.00"
2026-05-06,897,2026050605009830,SAHAS,57,36,50,614.00,"30,700.00"
2026-05-06,898,2026050605009829,SAHAS,43,36,100,614.00,"61,400.00"
2026-05-06,899,2026050605009828,SAHAS,51,36,16,614.00,"9,824.00"
2026-05-06,900,2026050605009349,SAHAS,42,59,25,615.00,"15,375.00"
2026-05-06,901,2026050605009493,SAHAS,62,36,265,614.50,"162,842.50"
2026-05-06,902,2026050605009492,SAHAS,39,36,112,614.50,"68,824.00"
2026-05-06,903,2026050605009446,SAHAS,34,59,150,615.00,"92,250.00"
2026-05-06,904,2026050605009401,SAHAS,45,59,127,615.00,"78,105.00"
2026-05-06,905,2026050605009389,SAHAS,42,59,100,615.00,"61,500.00"
2026-05-06,906,2026050605009370,SAHAS,41,59,30,615.00,"18,450.00"
2026-05-06,907,2026050605009578,SAHAS,13,59,76,614.00,"46,664.00"
2026-05-06,908,2026050605009577,SAHAS,6,59,162,614.00,"99,468.00"
2026-05-06,909,2026050605009576,SAHAS,19,59,40,614.00,"24,560.00"
2026-05-06,910,2026050605009575,SAHAS,42,59,50,614.00,"30,700.00"
2026-05-06,911,2026050605009574,SAHAS,41,59,200,614.00,"122,800.00"
2026-05-06,912,2026050605009573,SAHAS,49,59,40,614.00,"24,560.00"
2026-05-06,913,2026050605009694,SAHAS,57,66,65,614.00,"39,910.00"
2026-05-06,914,2026050605009661,SAHAS,62,22,200,614.00,"122,800.00"
2026-05-06,915,2026050605009623,SAHAS,62,22,46,614.00,"28,244.00"
2026-05-06,916,2026050605009622,SAHAS,13,22,500,614.00,"307,000.00"
2026-05-06,917,2026050605009621,SAHAS,13,22,174,614.00,"106,836.00"
2026-05-06,918,2026050605009590,SAHAS,13,57,50,614.00,"30,700.00"
2026-05-06,919,2026050605009787,SAHAS,51,36,46,614.00,"28,244.00"
2026-05-06,920,2026050605009786,SAHAS,51,44,13,614.00,"7,982.00"
2026-05-06,921,2026050605009759,SAHAS,58,36,200,614.50,"122,900.00"
2026-05-06,922,2026050605009697,SAHAS,51,66,25,614.00,"15,350.00"
2026-05-06,923,2026050605009696,SAHAS,50,66,10,614.00,"6,140.00"
2026-05-06,924,2026050605009695,SAHAS,1,66,100,614.00,"61,400.00"
2026-05-06,925,2026050605009839,SANVI,34,53,90,663.00,"59,670.00"
2026-05-06,926,2026050605009748,SANVI,94,53,80,663.00,"53,040.00"
2026-05-06,927,2026050605009747,SANVI,45,53,100,663.10,"66,310.00"
2026-05-06,928,2026050605009746,SANVI,36,53,10,663.20,"6,632.00"
2026-05-06,929,2026050605009589,SANVI,94,58,20,663.00,"13,260.00"
2026-05-06,930,2026050605009588,SANVI,94,58,100,663.00,"66,300.00"
2026-05-06,931,2026050605009464,SANVI,38,90,50,665.00,"33,250.00"
2026-05-06,932,2026050605009382,SANVI,38,57,10,665.00,"6,650.00"
2026-05-06,933,2026050605009381,SANVI,94,57,100,665.00,"66,500.00"
2026-05-06,934,2026050605009380,SANVI,52,57,20,665.00,"13,300.00"
2026-05-06,935,2026050605009379,SANVI,36,57,10,665.10,"6,651.00"
2026-05-06,936,2026050605009374,SBCF,57,100,100,9.75,975.00
2026-05-06,937,2026050605009373,SBCF,57,63,250,9.75,"2,437.50"
2026-05-06,938,2026050605009821,SHIVM,58,13,200,663.00,"132,600.00"
2026-05-06,939,2026050605009802,SHIVM,75,45,100,662.10,"66,210.00"
2026-05-06,940,2026050605009720,SHIVM,75,97,10,662.10,"6,621.00"
2026-05-06,941,2026050605009563,SHIVM,66,57,700,662.00,"463,400.00"
2026-05-06,942,2026050605009562,SHIVM,48,57,300,662.10,"198,630.00"
2026-05-06,943,2026050605009550,SHIVM,35,38,100,663.50,"66,350.00"
2026-05-06,944,2026050605009430,SHIVM,58,53,289,663.00,"191,607.00"
2026-05-06,945,2026050605009416,SHIVM,48,94,100,662.10,"66,210.00"
2026-05-06,946,2026050605009709,SIKLES,58,58,100,573.00,"57,300.00"
2026-05-06,947,2026050605009415,SIKLES,58,48,10,575.00,"5,750.00"
2026-05-06,948,2026050605009820,SMATA,60,38,13,762.00,"9,906.00"
2026-05-06,949,2026050605009725,SMH,47,101,10,563.00,"5,630.00"
2026-05-06,950,2026050605009724,SMH,52,101,90,564.00,"50,760.00"
2026-05-06,951,2026050605009359,SMH,52,54,10,564.00,"5,640.00"
2026-05-06,952,2026050605009799,SMHL,16,6,10,497.00,"4,970.00"
2026-05-06,953,2026050605009665,SMHL,91,33,88,497.50,"43,780.00"
2026-05-06,954,2026050605009664,SMHL,91,34,50,497.30,"24,865.00"
2026-05-06,955,2026050605009596,SMHL,16,38,"1,000",497.00,"497,000.00"
2026-05-06,956,2026050605009508,SMHL,16,36,414,497.00,"205,758.00"
2026-05-06,957,2026050605009806,SMJC,42,58,10,437.00,"4,370.00"
2026-05-06,958,2026050605009727,SMJC,36,6,78,435.30,"33,953.40"
2026-05-06,959,2026050605009726,SMJC,49,6,22,435.40,"9,578.80"
2026-05-06,960,2026050605009728,SONA,14,13,413,430.00,"177,590.00"
2026-05-06,961,2026050605009689,SONA,29,13,390,430.00,"167,700.00"
2026-05-06,962,2026050605009688,SONA,29,22,10,430.00,"4,300.00"
2026-05-06,963,2026050605009687,SONA,29,34,10,430.00,"4,300.00"
2026-05-06,964,2026050605009612,SONA,58,57,10,429.70,"4,297.00"
2026-05-06,965,2026050605009779,SPC,44,45,16,455.10,"7,281.60"
2026-05-06,966,2026050605009360,TAMOR,42,66,10,430.00,"4,300.00"
2026-05-06,967,2026050605009789,TPC,57,5,300,361.60,"108,480.00"
2026-05-06,968,2026050605009715,TPC,57,53,80,361.00,"28,880.00"
2026-05-06,969,2026050605009714,TPC,57,49,100,361.00,"36,100.00"
2026-05-06,970,2026050605009713,TPC,57,16,12,361.00,"4,332.00"
2026-05-06,971,2026050605009620,TPC,58,16,210,361.00,"75,810.00"
2026-05-06,972,2026050605009572,TPC,77,16,61,361.00,"22,021.00"
2026-05-06,973,2026050605009707,TSHL,48,4,50,596.10,"29,805.00"
2026-05-06,974,2026050605009477,TSHL,48,4,50,596.10,"29,805.00"
2026-05-06,975,2026050605009692,TVCL,16,101,220,490.00,"107,800.00"
2026-05-06,976,2026050605009691,TVCL,38,101,20,490.00,"9,800.00"
2026-05-06,977,2026050605009690,TVCL,14,101,260,491.00,"127,660.00"
2026-05-06,978,2026050605009540,TVCL,14,101,240,491.00,"117,840.00"
2026-05-06,979,2026050605009539,TVCL,34,101,30,491.00,"14,730.00"
2026-05-06,980,2026050605009538,TVCL,38,101,20,495.00,"9,900.00"
2026-05-06,981,2026050605009537,TVCL,11,101,100,495.00,"49,500.00"
2026-05-06,982,2026050605009536,TVCL,14,101,30,495.00,"14,850.00"
2026-05-06,983,2026050605009535,TVCL,14,101,80,495.10,"39,608.00"
2026-05-06,984,2026050605009520,TVCL,14,37,20,495.10,"9,902.00"
2026-05-06,985,2026050605009444,TVCL,45,42,20,496.00,"9,920.00"
2026-05-06,986,2026050605009443,TVCL,74,42,30,496.00,"14,880.00"
2026-05-06,987,2026050605009586,UHEWA,29,34,21,560.10,"11,762.10"
2026-05-06,988,2026050605009835,ULHC,56,58,280,500.00,"140,000.00"
2026-05-06,989,2026050605009834,ULHC,56,44,20,499.50,"9,990.00"
2026-05-06,990,2026050605009785,ULHC,54,44,100,499.50,"49,950.00"
2026-05-06,991,2026050605009780,ULHC,42,44,80,499.50,"39,960.00"
2026-05-06,992,2026050605009773,ULHC,58,58,"34,250",500.00,"17,125,000.00"
2026-05-06,993,2026050605009772,ULHC,58,58,750,500.00,"375,000.00"
2026-05-06,994,2026050605009429,ULHC,86,58,250,500.00,"125,000.00"
2026-05-06,995,2026050605009771,ULHC,42,34,10,499.50,"4,995.00"
2026-05-06,996,2026050605009717,ULHC,96,58,"2,000",500.00,"1,000,000.00"
2026-05-06,997,2026050605009716,ULHC,42,34,10,499.50,"4,995.00"
2026-05-06,998,2026050605009619,ULHC,58,58,"50,000",500.00,"25,000,000.00"
2026-05-06,999,2026050605009608,ULHC,58,58,"47,250",500.00,"23,625,000.00"
2026-05-06,1000,2026050605009607,ULHC,58,58,"2,750",500.00,"1,375,000.00"
2026-05-06,1001,2026050605009153,AHL,6,45,100,510.00,"51,000.00"
2026-05-06,1002,2026050605009061,AHL,58,45,20,510.00,"10,200.00"
2026-05-06,1003,2026050605009290,BEDC,57,14,50,351.00,"17,550.00"
2026-05-06,1004,2026050605009262,BEDC,1,14,100,351.00,"35,100.00"
2026-05-06,1005,2026050605009261,BEDC,21,14,44,351.00,"15,444.00"
2026-05-06,1006,2026050605009260,BEDC,74,14,20,351.00,"7,020.00"
2026-05-06,1007,2026050605009259,BEDC,34,14,152,351.00,"53,352.00"
2026-05-06,1008,2026050605009258,BEDC,29,14,77,351.10,"27,034.70"
2026-05-06,1009,2026050605009257,BEDC,29,14,25,351.20,"8,780.00"
2026-05-06,1010,2026050605008879,BEDC,34,48,200,351.00,"70,200.00"
2026-05-06,1011,2026050605009292,BHDC,53,62,10,454.30,"4,543.00"
2026-05-06,1012,2026050605009246,BHDC,53,42,10,454.00,"4,540.00"
2026-05-06,1013,2026050605009104,BHDC,53,86,11,454.00,"4,994.00"
2026-05-06,1014,2026050605009102,BHDC,53,45,380,454.00,"172,520.00"
2026-05-06,1015,2026050605008934,BHDC,34,62,88,453.20,"39,881.60"
2026-05-06,1016,2026050605008933,BHDC,58,62,12,453.30,"5,439.60"
2026-05-06,1017,2026050605008899,BHDC,74,45,120,454.00,"54,480.00"
2026-05-06,1018,2026050605009311,BHL,38,74,30,215.70,"6,471.00"
2026-05-06,1019,2026050605009244,BHL,57,74,200,215.70,"43,140.00"
2026-05-06,1020,2026050605009166,BHL,42,42,180,215.30,"38,754.00"
2026-05-06,1021,2026050605009165,BHL,32,42,20,215.40,"4,308.00"
2026-05-06,1022,2026050605009144,BHL,58,74,10,215.70,"2,157.00"
2026-05-06,1023,2026050605009085,BHL,45,74,580,215.70,"125,106.00"
2026-05-06,1024,2026050605008889,BHL,57,66,100,215.10,"21,510.00"
2026-05-06,1025,2026050605008870,BHL,57,57,200,215.10,"43,020.00"
2026-05-06,1026,2026050605009084,BHL,45,58,20,215.60,"4,312.00"
2026-05-06,1027,2026050605009025,BHL,25,49,50,215.50,"10,775.00"
2026-05-06,1028,2026050605008997,BHL,42,16,10,215.30,"2,153.00"
2026-05-06,1029,2026050605008907,BHL,43,49,250,215.50,"53,875.00"
2026-05-06,1030,2026050605008906,BHL,43,45,"1,324",215.50,"285,322.00"
2026-05-06,1031,2026050605008905,BHL,43,49,50,215.40,"10,770.00"
2026-05-06,1032,2026050605009130,BHPL,95,66,10,515.00,"5,150.00"
2026-05-06,1033,2026050605009129,BHPL,95,82,50,515.00,"25,750.00"
2026-05-06,1034,2026050605009000,BHPL,19,58,10,514.10,"5,141.00"
2026-05-06,1035,2026050605008983,BHPL,52,58,90,514.10,"46,269.00"
2026-05-06,1036,2026050605008909,BHPL,13,82,50,515.00,"25,750.00"
2026-05-06,1037,2026050605008903,BHPL,13,57,300,515.00,"154,500.00"
2026-05-06,1038,2026050605009332,BNHC,41,57,10,313.50,"3,135.00"
2026-05-06,1039,2026050605009152,CHDC,56,71,10,"2,198.90","21,989.00"
2026-05-06,1040,2026050605008981,CHDC,81,57,12,"2,183.10","26,197.20"
2026-05-06,1041,2026050605009064,CIT,41,57,10,"1,758.00","17,580.00"
2026-05-06,1042,2026050605008953,CIT,16,19,50,"1,765.00","88,250.00"
2026-05-06,1043,2026050605008952,CIT,16,64,50,"1,764.90","88,245.00"
2026-05-06,1044,2026050605009305,CLI,44,57,13,450.10,"5,851.30"
2026-05-06,1045,2026050605009148,CLI,49,42,13,450.10,"5,851.30"
2026-05-06,1046,2026050605009101,CLI,49,57,13,450.10,"5,851.30"
2026-05-06,1047,2026050605009067,CLI,58,56,10,450.00,"4,500.00"
2026-05-06,1048,2026050605009003,CLI,62,58,3,442.00,"1,326.00"
2026-05-06,1049,2026050605008915,CLI,58,36,13,450.00,"5,850.00"
2026-05-06,1050,2026050605008887,CLI,58,38,13,450.00,"5,850.00"
2026-05-06,1051,2026050605009304,DOLTI,34,38,170,344.60,"58,582.00"
2026-05-06,1052,2026050605009300,DOLTI,34,38,150,344.60,"51,690.00"
2026-05-06,1053,2026050605009203,DOLTI,16,38,100,344.60,"34,460.00"
2026-05-06,1054,2026050605009179,DOLTI,22,38,10,344.60,"3,446.00"
2026-05-06,1055,2026050605009162,DOLTI,34,38,10,344.60,"3,446.00"
2026-05-06,1056,2026050605009135,DOLTI,35,37,114,344.00,"39,216.00"
2026-05-06,1057,2026050605008985,DOLTI,52,22,10,349.00,"3,490.00"
2026-05-06,1058,2026050605008846,DOLTI,40,28,440,347.50,"152,900.00"
2026-05-06,1059,2026050605008991,DOLTI,38,22,100,347.00,"34,700.00"
2026-05-06,1060,2026050605008990,DOLTI,49,22,50,347.00,"17,350.00"
2026-05-06,1061,2026050605008989,DOLTI,74,22,400,347.00,"138,800.00"
2026-05-06,1062,2026050605008988,DOLTI,46,22,50,347.50,"17,375.00"
2026-05-06,1063,2026050605008987,DOLTI,40,22,44,347.50,"15,290.00"
2026-05-06,1064,2026050605008986,DOLTI,52,22,10,348.00,"3,480.00"
2026-05-06,1065,2026050605009036,DOLTI,34,22,100,345.10,"34,510.00"
2026-05-06,1066,2026050605008996,DOLTI,52,22,30,346.30,"10,389.00"
2026-05-06,1067,2026050605008995,DOLTI,6,22,100,346.50,"34,650.00"
2026-05-06,1068,2026050605008994,DOLTI,44,22,150,346.60,"51,990.00"
2026-05-06,1069,2026050605008993,DOLTI,57,22,100,346.80,"34,680.00"
2026-05-06,1070,2026050605008992,DOLTI,35,22,50,346.90,"17,345.00"
2026-05-06,1071,2026050605009042,DOLTI,48,22,100,345.00,"34,500.00"
2026-05-06,1072,2026050605009041,DOLTI,14,22,300,345.00,"103,500.00"
2026-05-06,1073,2026050605009040,DOLTI,22,22,30,345.00,"10,350.00"
2026-05-06,1074,2026050605009039,DOLTI,17,22,20,345.00,"6,900.00"
2026-05-06,1075,2026050605009038,DOLTI,7,22,10,345.00,"3,450.00"
2026-05-06,1076,2026050605009037,DOLTI,57,22,100,345.10,"34,510.00"
2026-05-06,1077,2026050605009048,DOLTI,38,22,50,345.00,"17,250.00"
2026-05-06,1078,2026050605009047,DOLTI,71,22,200,345.00,"69,000.00"
2026-05-06,1079,2026050605009046,DOLTI,21,22,300,345.00,"103,500.00"
2026-05-06,1080,2026050605009045,DOLTI,51,22,20,345.00,"6,900.00"
2026-05-06,1081,2026050605009044,DOLTI,56,22,25,345.00,"8,625.00"
2026-05-06,1082,2026050605009043,DOLTI,42,22,"1,000",345.00,"345,000.00"
2026-05-06,1083,2026050605009134,DOLTI,45,37,86,344.50,"29,627.00"
2026-05-06,1084,2026050605009124,DOLTI,45,40,51,344.50,"17,569.50"
2026-05-06,1085,2026050605009103,DOLTI,62,38,60,344.60,"20,676.00"
2026-05-06,1086,2026050605009051,DOLTI,66,22,95,345.00,"32,775.00"
2026-05-06,1087,2026050605009050,DOLTI,1,22,100,345.00,"34,500.00"
2026-05-06,1088,2026050605009049,DOLTI,34,22,50,345.00,"17,250.00"
2026-05-06,1089,2026050605009242,DORDI,16,57,170,270.40,"45,968.00"
2026-05-06,1090,2026050605009241,DORDI,45,57,50,270.50,"13,525.00"
2026-05-06,1091,2026050605009240,DORDI,17,57,500,270.50,"135,250.00"
2026-05-06,1092,2026050605009239,DORDI,49,57,20,270.50,"5,410.00"
2026-05-06,1093,2026050605009238,DORDI,17,57,56,270.60,"15,153.60"
2026-05-06,1094,2026050605009237,DORDI,14,57,204,270.60,"55,202.40"
2026-05-06,1095,2026050605008967,DORDI,56,28,100,270.60,"27,060.00"
2026-05-06,1096,2026050605008917,DORDI,56,25,100,270.60,"27,060.00"
2026-05-06,1097,2026050605008869,DORDI,56,58,20,270.60,"5,412.00"
2026-05-06,1098,2026050605008868,DORDI,25,58,100,270.60,"27,060.00"
2026-05-06,1099,2026050605009183,DORDI,14,67,334,270.60,"90,380.40"
2026-05-06,1100,2026050605009127,DORDI,14,38,312,270.60,"84,427.20"
2026-05-06,1101,2026050605009126,DORDI,68,38,10,270.70,"2,707.00"
2026-05-06,1102,2026050605009010,DORDI,14,57,150,270.60,"40,590.00"
2026-05-06,1103,2026050605009009,DORDI,56,57,80,270.60,"21,648.00"
2026-05-06,1104,2026050605009137,EHPL,14,45,20,379.20,"7,584.00"
2026-05-06,1105,2026050605008891,EHPL,42,45,100,379.00,"37,900.00"
2026-05-06,1106,2026050605008862,EHPL,4,45,260,379.00,"98,540.00"
2026-05-06,1107,2026050605008861,EHPL,41,45,10,379.00,"3,790.00"
2026-05-06,1108,2026050605008860,EHPL,14,45,250,379.00,"94,750.00"
2026-05-06,1109,2026050605008859,EHPL,17,45,50,379.00,"18,950.00"
2026-05-06,1110,2026050605008858,EHPL,42,45,50,379.00,"18,950.00"
2026-05-06,1111,2026050605008857,EHPL,58,45,30,379.00,"11,370.00"
2026-05-06,1112,2026050605008856,EHPL,49,45,130,379.00,"49,270.00"
2026-05-06,1113,2026050605008855,EHPL,85,45,20,379.30,"7,586.00"
2026-05-06,1114,2026050605008854,EHPL,3,45,146,380.00,"55,480.00"
2026-05-06,1115,2026050605009083,ENL,6,4,10,895.00,"8,950.00"
2026-05-06,1116,2026050605009333,GCIL,32,57,12,415.50,"4,986.00"
2026-05-06,1117,2026050605009256,GCIL,32,58,10,418.00,"4,180.00"
2026-05-06,1118,2026050605008882,GCIL,32,42,30,415.50,"12,465.00"
2026-05-06,1119,2026050605008867,GCIL,32,58,10,418.00,"4,180.00"
2026-05-06,1120,2026050605008847,GCIL,32,49,99,415.50,"41,134.50"
2026-05-06,1121,2026050605009107,GCIL,32,57,12,415.50,"4,986.00"
2026-05-06,1122,2026050605009169,GVL,16,40,10,485.00,"4,850.00"
2026-05-06,1123,2026050605009146,GVL,16,49,11,485.00,"5,335.00"
2026-05-06,1124,2026050605008937,GVL,51,58,11,486.00,"5,346.00"
2026-05-06,1125,2026050605009245,HATHY,41,45,50,802.00,"40,100.00"
2026-05-06,1126,2026050605009078,HATHY,21,36,31,802.00,"24,862.00"
2026-05-06,1127,2026050605008964,HATHY,59,45,30,801.10,"24,033.00"
2026-05-06,1128,2026050605009320,HDL,21,25,185,"1,150.00","212,750.00"
2026-05-06,1129,2026050605009319,HDL,21,25,115,"1,150.00","132,250.00"
2026-05-06,1130,2026050605008916,HDL,90,90,100,"1,150.50","115,050.00"
2026-05-06,1131,2026050605008913,HDL,58,39,5,"1,140.00","5,700.00"
2026-05-06,1132,2026050605008902,HDL,90,90,100,"1,150.50","115,050.00"
2026-05-06,1133,2026050605009028,HDL,33,38,10,"1,150.50","11,505.00"
2026-05-06,1134,2026050605009012,HDL,17,49,15,"1,151.00","17,265.00"
2026-05-06,1135,2026050605008984,HDL,52,49,20,"1,151.00","23,020.00"
2026-05-06,1136,2026050605009082,HDL,51,6,66,"1,150.00","75,900.00"
2026-05-06,1137,2026050605009059,HDL,57,49,10,"1,151.00","11,510.00"
2026-05-06,1138,2026050605009030,HDL,51,38,90,"1,150.00","103,500.00"
2026-05-06,1139,2026050605009029,HDL,13,38,100,"1,150.10","115,010.00"
2026-05-06,1140,2026050605009113,HDL,32,60,12,"1,150.00","13,800.00"
2026-05-06,1141,2026050605009112,HDL,48,60,90,"1,150.00","103,500.00"
2026-05-06,1142,2026050605009111,HDL,49,60,170,"1,150.00","195,500.00"
2026-05-06,1143,2026050605009110,HDL,51,60,110,"1,150.00","126,500.00"
2026-05-06,1144,2026050605009105,HDL,45,49,20,"1,151.00","23,020.00"
2026-05-06,1145,2026050605009145,HDL,21,57,130,"1,150.00","149,500.00"
2026-05-06,1146,2026050605009117,HDL,21,60,58,"1,150.00","66,700.00"
2026-05-06,1147,2026050605009116,HDL,21,60,400,"1,150.00","460,000.00"
2026-05-06,1148,2026050605009115,HDL,19,60,150,"1,150.00","172,500.00"
2026-05-06,1149,2026050605009114,HDL,29,60,10,"1,150.00","11,500.00"
2026-05-06,1150,2026050605009176,HDL,21,90,97,"1,150.00","111,550.00"
2026-05-06,1151,2026050605009298,HHL,62,6,"1,490",368.70,"549,363.00"
2026-05-06,1152,2026050605009297,HHL,62,20,10,368.00,"3,680.00"
2026-05-06,1153,2026050605009296,HHL,62,58,10,368.00,"3,680.00"
2026-05-06,1154,2026050605009080,HHL,58,36,210,367.20,"77,112.00"
2026-05-06,1155,2026050605008968,HHL,65,45,200,367.10,"73,420.00"
2026-05-06,1156,2026050605008881,HHL,65,62,10,367.10,"3,671.00"
2026-05-06,1157,2026050605009321,HIDCL,42,47,185,262.00,"48,470.00"
2026-05-06,1158,2026050605009287,HIDCL,49,47,100,262.00,"26,200.00"
2026-05-06,1159,2026050605009193,HIDCL,43,47,500,262.00,"131,000.00"
2026-05-06,1160,2026050605009180,HIDCL,49,47,100,262.00,"26,200.00"
2026-05-06,1161,2026050605009143,HIDCL,42,47,"1,000",262.00,"262,000.00"
2026-05-06,1162,2026050605009142,HIDCL,45,47,115,262.10,"30,141.50"
2026-05-06,1163,2026050605008982,HIDCL,29,53,11,262.70,"2,889.70"
2026-05-06,1164,2026050605008962,HIDCL,1,53,10,262.70,"2,627.00"
2026-05-06,1165,2026050605008930,HIDCL,32,53,10,262.70,"2,627.00"
2026-05-06,1166,2026050605008872,HIDCL,58,48,900,261.50,"235,350.00"
2026-05-06,1167,2026050605008871,HIDCL,38,48,100,261.80,"26,180.00"
2026-05-06,1168,2026050605009335,HRL,85,39,80,654.10,"52,328.00"
2026-05-06,1169,2026050605009334,HRL,17,39,65,654.20,"42,523.00"
2026-05-06,1170,2026050605009253,HRL,85,66,50,654.10,"32,705.00"
2026-05-06,1171,2026050605009216,HRL,47,57,32,654.00,"20,928.00"
2026-05-06,1172,2026050605008923,HRL,34,6,15,654.00,"9,810.00"
2026-05-06,1173,2026050605008910,HRL,38,6,50,654.00,"32,700.00"
2026-05-06,1174,2026050605008890,HRL,34,42,12,654.00,"7,848.00"
2026-05-06,1175,2026050605008864,HRL,63,42,10,654.00,"6,540.00"
2026-05-06,1176,2026050605008956,HRL,58,21,118,654.00,"77,172.00"
2026-05-06,1177,2026050605008949,HRL,17,21,20,654.00,"13,080.00"
2026-05-06,1178,2026050605008938,HRL,34,21,10,654.00,"6,540.00"
2026-05-06,1179,2026050605008926,HRL,34,21,852,654.00,"557,208.00"
2026-05-06,1180,2026050605008925,HRL,34,62,33,654.00,"21,582.00"
2026-05-06,1181,2026050605008924,HRL,34,49,100,654.00,"65,400.00"
2026-05-06,1182,2026050605009121,HRL,38,57,10,653.10,"6,531.00"
2026-05-06,1183,2026050605009076,HRL,42,13,27,654.80,"17,679.60"
2026-05-06,1184,2026050605009075,HRL,42,58,15,654.00,"9,810.00"
2026-05-06,1185,2026050605009032,HRL,33,16,10,653.10,"6,531.00"
2026-05-06,1186,2026050605009002,HRL,58,58,35,654.00,"22,890.00"
2026-05-06,1187,2026050605008999,HRL,58,58,77,654.00,"50,358.00"
2026-05-06,1188,2026050605009215,HRL,25,58,20,654.80,"13,096.00"
2026-05-06,1189,2026050605009140,HRL,47,66,10,654.00,"6,540.00"
2026-05-06,1190,2026050605009139,HRL,17,43,35,653.20,"22,862.00"
2026-05-06,1191,2026050605009133,HRL,25,13,20,654.80,"13,096.00"
2026-05-06,1192,2026050605009123,HRL,38,38,10,653.10,"6,531.00"
2026-05-06,1193,2026050605008980,IHL,11,58,10,400.10,"4,001.00"
2026-05-06,1194,2026050605009293,ILI,4,45,50,432.00,"21,600.00"
2026-05-06,1195,2026050605009291,ILI,49,45,16,433.00,"6,928.00"
2026-05-06,1196,2026050605009265,ILI,4,17,12,432.00,"5,184.00"
2026-05-06,1197,2026050605009172,ILI,4,38,12,432.00,"5,184.00"
2026-05-06,1198,2026050605009138,ILI,40,43,300,434.00,"130,200.00"
2026-05-06,1199,2026050605009132,ILI,26,34,12,433.90,"5,206.80"
2026-05-06,1200,2026050605009066,ILI,4,45,100,432.00,"43,200.00"
2026-05-06,1201,2026050605009065,ILI,4,36,12,432.00,"5,184.00"
2026-05-06,1202,2026050605009141,KEF,45,58,300,10.60,"3,180.00"
2026-05-06,1203,2026050605009283,MBJC,1,38,299,280.10,"83,749.90"
2026-05-06,1204,2026050605009174,MBJC,35,5,190,281.00,"53,390.00"
2026-05-06,1205,2026050605009149,MBJC,1,66,200,280.10,"56,020.00"
2026-05-06,1206,2026050605009119,MBJC,7,5,280,281.00,"78,680.00"
2026-05-06,1207,2026050605009118,MBJC,7,38,200,281.00,"56,200.00"
2026-05-06,1208,2026050605009068,MBJC,7,42,10,281.00,"2,810.00"
2026-05-06,1209,2026050605009063,MBJC,59,58,10,281.10,"2,811.00"
2026-05-06,1210,2026050605009001,MBJC,7,74,10,281.00,"2,810.00"
2026-05-06,1211,2026050605009313,MCHL,34,59,190,308.00,"58,520.00"
2026-05-06,1212,2026050605009312,MCHL,34,41,200,308.00,"61,600.00"
2026-05-06,1213,2026050605009195,MCHL,29,41,10,308.00,"3,080.00"
2026-05-06,1214,2026050605009160,MCHL,21,41,40,308.00,"12,320.00"
2026-05-06,1215,2026050605009159,MCHL,45,41,100,308.00,"30,800.00"
2026-05-06,1216,2026050605009158,MCHL,45,41,50,308.10,"15,405.00"
2026-05-06,1217,2026050605009252,MEHL,57,57,329,374.00,"123,046.00"
2026-05-06,1218,2026050605009251,MEHL,58,57,10,374.10,"3,741.00"
2026-05-06,1219,2026050605009250,MEHL,42,57,500,374.10,"187,050.00"
2026-05-06,1220,2026050605009249,MEHL,26,57,100,374.20,"37,420.00"
2026-05-06,1221,2026050605009248,MEHL,46,57,20,374.30,"7,486.00"
2026-05-06,1222,2026050605009247,MEHL,74,57,41,375.00,"15,375.00"
2026-05-06,1223,2026050605008941,MEHL,58,57,10,376.00,"3,760.00"
2026-05-06,1224,2026050605008940,MEHL,42,57,20,376.00,"7,520.00"
2026-05-06,1225,2026050605008929,MEHL,42,57,30,377.00,"11,310.00"
2026-05-06,1226,2026050605009272,MEL,34,43,10,229.40,"2,294.00"
2026-05-06,1227,2026050605009254,MEL,32,6,80,230.00,"18,400.00"
2026-05-06,1228,2026050605008842,MEL,38,58,52,229.00,"11,908.00"
2026-05-06,1229,2026050605008841,MEL,49,58,865,229.00,"198,085.00"
2026-05-06,1230,2026050605008840,MEL,3,58,63,229.00,"14,427.00"
2026-05-06,1231,2026050605008863,MEL,14,42,10,229.10,"2,291.00"
2026-05-06,1232,2026050605008843,MEL,4,58,420,229.00,"96,180.00"
2026-05-06,1233,2026050605009128,MEL,34,17,10,229.40,"2,294.00"
2026-05-06,1234,2026050605009221,MHCL,41,8,200,345.10,"69,020.00"
2026-05-06,1235,2026050605009220,MHCL,41,34,10,345.00,"3,450.00"
2026-05-06,1236,2026050605009219,MHCL,41,5,10,345.00,"3,450.00"
2026-05-06,1237,2026050605009218,MHCL,41,43,10,345.00,"3,450.00"
2026-05-06,1238,2026050605009217,MHCL,41,45,380,344.00,"130,720.00"
2026-05-06,1239,2026050605008935,MHCL,39,45,100,344.00,"34,400.00"
2026-05-06,1240,2026050605009303,MHL,42,21,50,490.00,"24,500.00"
2026-05-06,1241,2026050605009267,MHL,42,21,14,490.00,"6,860.00"
2026-05-06,1242,2026050605009266,MHL,42,48,186,490.00,"91,140.00"
2026-05-06,1243,2026050605009167,MHL,51,48,14,490.00,"6,860.00"
2026-05-06,1244,2026050605009156,MHL,51,21,200,490.00,"98,000.00"
2026-05-06,1245,2026050605009125,MHL,51,43,26,490.00,"12,740.00"
2026-05-06,1246,2026050605009011,MKHC,32,49,10,312.50,"3,125.00"
2026-05-06,1247,2026050605009317,MKHL,17,84,70,512.70,"35,889.00"
2026-05-06,1248,2026050605009302,MKHL,11,7,40,514.00,"20,560.00"
2026-05-06,1249,2026050605009301,MKHL,11,58,10,513.00,"5,130.00"
2026-05-06,1250,2026050605009182,MKHL,17,84,"4,800",512.60,"2,460,480.00"
2026-05-06,1251,2026050605008957,MKHL,17,84,"2,900",512.20,"1,485,380.00"
2026-05-06,1252,2026050605008853,MKHL,82,84,"4,790",512.00,"2,452,480.00"
2026-05-06,1253,2026050605008848,MKHL,82,34,10,512.00,"5,120.00"
2026-05-06,1254,2026050605009008,MKJC,4,4,323,485.00,"156,655.00"
2026-05-06,1255,2026050605009007,MKJC,88,4,100,486.00,"48,600.00"
2026-05-06,1256,2026050605009006,MKJC,59,4,190,486.10,"92,359.00"
2026-05-06,1257,2026050605009187,MMF1,43,49,"1,000",9.40,"9,400.00"
2026-05-06,1258,2026050605009288,MMKJL,45,34,10,485.00,"4,850.00"
2026-05-06,1259,2026050605009136,MMKJL,19,57,100,485.10,"48,510.00"
2026-05-06,1260,2026050605009031,MMKJL,25,44,50,487.00,"24,350.00"
2026-05-06,1261,2026050605008950,MMKJL,45,49,10,485.00,"4,850.00"
2026-05-06,1262,2026050605008873,MSHL,59,36,10,694.10,"6,941.00"
2026-05-06,1263,2026050605009271,NBF3,4,11,600,9.82,"5,892.00"
2026-05-06,1264,2026050605009194,NBF3,4,11,400,9.83,"3,932.00"
2026-05-06,1265,2026050605008888,NICSF,17,49,"1,000",9.26,"9,260.00"
2026-05-06,1266,2026050605009318,NIFRA,94,90,60,260.40,"15,624.00"
2026-05-06,1267,2026050605009315,NIFRA,58,90,10,260.40,"2,604.00"
2026-05-06,1268,2026050605009314,NIFRA,57,90,425,260.40,"110,670.00"
2026-05-06,1269,2026050605009279,NIFRA,57,66,50,260.40,"13,020.00"
2026-05-06,1270,2026050605009109,NIFRA,57,25,25,260.40,"6,510.00"
2026-05-06,1271,2026050605008979,NIFRA,44,53,498,260.30,"129,629.40"
2026-05-06,1272,2026050605008959,NIFRA,44,62,22,260.30,"5,726.60"
2026-05-06,1273,2026050605008958,NIFRA,16,62,28,260.50,"7,294.00"
2026-05-06,1274,2026050605008948,NIFRA,86,45,4,261.90,"1,047.60"
2026-05-06,1275,2026050605008898,NIFRA,16,43,11,260.50,"2,865.50"
2026-05-06,1276,2026050605008897,NIFRA,16,53,11,260.50,"2,865.50"
2026-05-06,1277,2026050605008896,NIFRA,16,42,50,260.50,"13,025.00"
2026-05-06,1278,2026050605009270,NRIC,17,86,10,881.50,"8,815.00"
2026-05-06,1279,2026050605009212,NRIC,16,10,70,880.00,"61,600.00"
2026-05-06,1280,2026050605009211,NRIC,17,10,150,880.00,"132,000.00"
2026-05-06,1281,2026050605009210,NRIC,41,10,25,880.00,"22,000.00"
2026-05-06,1282,2026050605009209,NRIC,59,10,50,880.00,"44,000.00"
2026-05-06,1283,2026050605009208,NRIC,38,10,25,880.00,"22,000.00"
2026-05-06,1284,2026050605009077,NRIC,47,26,13,880.00,"11,440.00"
2026-05-06,1285,2026050605008978,NRIC,17,74,80,881.50,"70,520.00"
2026-05-06,1286,2026050605008951,NRIC,17,54,10,881.00,"8,810.00"
2026-05-06,1287,2026050605008939,NRIC,25,54,40,881.00,"35,240.00"
2026-05-06,1288,2026050605008918,NRIC,58,74,50,881.00,"44,050.00"
2026-05-06,1289,2026050605009207,NRIC,48,10,100,880.00,"88,000.00"
2026-05-06,1290,2026050605009206,NRIC,49,10,90,880.00,"79,200.00"
2026-05-06,1291,2026050605009192,NRIC,49,74,40,880.00,"35,200.00"
2026-05-06,1292,2026050605009191,NRIC,57,74,200,880.00,"176,000.00"
2026-05-06,1293,2026050605009190,NRIC,14,74,20,880.00,"17,600.00"
2026-05-06,1294,2026050605009189,NRIC,47,74,210,880.00,"184,800.00"
2026-05-06,1295,2026050605009175,NRM,58,58,10,392.20,"3,922.00"
2026-05-06,1296,2026050605008965,NRM,38,58,10,392.10,"3,921.00"
2026-05-06,1297,2026050605008928,NRM,38,21,300,392.10,"117,630.00"
2026-05-06,1298,2026050605008927,NRM,3,21,300,392.20,"117,660.00"
2026-05-06,1299,2026050605009331,NRN,42,41,60,"1,380.10","82,806.00"
2026-05-06,1300,2026050605009255,NRN,58,41,10,"1,386.00","13,860.00"
2026-05-06,1301,2026050605008947,NRN,51,19,37,"1,382.00","51,134.00"
2026-05-06,1302,2026050605008946,NRN,51,19,20,"1,382.00","27,640.00"
2026-05-06,1303,2026050605008945,NRN,45,19,10,"1,382.00","13,820.00"
2026-05-06,1304,2026050605008944,NRN,58,19,23,"1,382.00","31,786.00"
2026-05-06,1305,2026050605008943,NRN,69,19,10,"1,382.10","13,821.00"
2026-05-06,1306,2026050605008932,NRN,35,13,1,"1,341.00","1,341.00"
2026-05-06,1307,2026050605008971,NRN,97,56,120,"1,381.10","165,732.00"
2026-05-06,1308,2026050605008970,NRN,22,56,100,"1,382.00","138,200.00"
2026-05-06,1309,2026050605008969,NRN,51,56,20,"1,382.00","27,640.00"
2026-05-06,1310,2026050605009095,NRN,17,59,80,"1,385.00","110,800.00"
2026-05-06,1311,2026050605009062,NRN,58,59,50,"1,381.50","69,075.00"
2026-05-06,1312,2026050605009150,NRN,78,6,1,"1,380.00","1,380.00"
2026-05-06,1313,2026050605009225,NRN,8,92,250,"1,381.20","345,300.00"
2026-05-06,1314,2026050605009224,NRN,57,92,100,"1,381.30","138,130.00"
2026-05-06,1315,2026050605009223,NRN,45,92,20,"1,381.40","27,628.00"
2026-05-06,1316,2026050605009222,NRN,17,92,420,"1,385.00","581,700.00"
2026-05-06,1317,2026050605009185,NRN,78,19,7,"1,382.00","9,674.00"
2026-05-06,1318,2026050605009231,NRN,6,92,10,"1,381.00","13,810.00"
2026-05-06,1319,2026050605009230,NRN,35,92,100,"1,381.00","138,100.00"
2026-05-06,1320,2026050605009229,NRN,22,92,200,"1,381.00","276,200.00"
2026-05-06,1321,2026050605009228,NRN,69,92,250,"1,381.00","345,250.00"
2026-05-06,1322,2026050605009227,NRN,34,92,30,"1,381.00","41,430.00"
2026-05-06,1323,2026050605009226,NRN,97,92,180,"1,381.10","248,598.00"
2026-05-06,1324,2026050605009243,NRN,57,41,25,"1,386.00","34,650.00"
2026-05-06,1325,2026050605009236,NRN,42,92,10,"1,380.10","13,801.00"
2026-05-06,1326,2026050605009235,NRN,64,92,10,"1,380.30","13,803.00"
2026-05-06,1327,2026050605009234,NRN,39,92,20,"1,380.40","27,608.00"
2026-05-06,1328,2026050605009233,NRN,69,92,100,"1,380.40","138,040.00"
2026-05-06,1329,2026050605009232,NRN,26,92,100,"1,381.00","138,100.00"
2026-05-06,1330,2026050605009205,NTC,41,32,50,875.00,"43,750.00"
2026-05-06,1331,2026050605009154,NTC,54,14,88,875.00,"77,000.00"
2026-05-06,1332,2026050605009058,NTC,54,13,12,874.10,"10,489.20"
2026-05-06,1333,2026050605009057,NTC,14,13,23,874.10,"20,104.30"
2026-05-06,1334,2026050605008893,NTC,14,32,10,874.10,"8,741.00"
2026-05-06,1335,2026050605008960,NYADI,45,42,10,386.00,"3,860.00"
2026-05-06,1336,2026050605009330,PHCL,52,35,91,296.00,"26,936.00"
2026-05-06,1337,2026050605009329,PHCL,58,35,149,296.00,"44,104.00"
2026-05-06,1338,2026050605009328,PHCL,58,35,80,296.00,"23,680.00"
2026-05-06,1339,2026050605009327,PHCL,52,35,500,296.10,"148,050.00"
2026-05-06,1340,2026050605009326,PHCL,58,35,50,296.10,"14,805.00"
2026-05-06,1341,2026050605009325,PHCL,45,35,200,296.20,"59,240.00"
2026-05-06,1342,2026050605009324,PHCL,39,35,280,296.20,"82,936.00"
2026-05-06,1343,2026050605009323,PHCL,65,35,150,296.30,"44,445.00"
2026-05-06,1344,2026050605009289,PHCL,65,1,10,296.30,"2,963.00"
2026-05-06,1345,2026050605009273,PHCL,44,35,200,297.00,"59,400.00"
2026-05-06,1346,2026050605009263,PHCL,65,36,10,296.30,"2,963.00"
2026-05-06,1347,2026050605009337,PPL,43,57,50,342.00,"17,100.00"
2026-05-06,1348,2026050605009336,PPL,6,57,100,342.20,"34,220.00"
2026-05-06,1349,2026050605009013,PPL,6,11,200,342.20,"68,440.00"
2026-05-06,1350,2026050605008892,RAWA,11,45,20,568.20,"11,364.00"
2026-05-06,1351,2026050605009299,RFPL,3,49,130,368.00,"47,840.00"
2026-05-06,1352,2026050605009094,RFPL,3,21,80,368.00,"29,440.00"
2026-05-06,1353,2026050605009093,RFPL,34,21,100,368.00,"36,800.00"
2026-05-06,1354,2026050605009092,RFPL,50,21,160,368.00,"58,880.00"
2026-05-06,1355,2026050605009091,RFPL,58,21,22,368.00,"8,096.00"
2026-05-06,1356,2026050605009090,RFPL,49,21,150,368.00,"55,200.00"
2026-05-06,1357,2026050605009089,RFPL,38,21,100,368.00,"36,800.00"
2026-05-06,1358,2026050605009088,RFPL,42,21,388,368.00,"142,784.00"
2026-05-06,1359,2026050605009054,RFPL,42,58,10,368.00,"3,680.00"
2026-05-06,1360,2026050605009053,RFPL,58,58,90,368.10,"33,129.00"
2026-05-06,1361,2026050605008895,RFPL,7,4,80,368.90,"29,512.00"
2026-05-06,1362,2026050605009202,RHGCL,98,56,440,289.30,"127,292.00"
2026-05-06,1363,2026050605009201,RHGCL,56,56,450,289.40,"130,230.00"
2026-05-06,1364,2026050605009200,RHGCL,4,56,100,290.00,"29,000.00"
2026-05-06,1365,2026050605009199,RHGCL,4,56,10,291.00,"2,910.00"
2026-05-06,1366,2026050605009100,RHGCL,4,58,20,291.00,"5,820.00"
2026-05-06,1367,2026050605009060,RHGCL,4,42,10,291.00,"2,910.00"
2026-05-06,1368,2026050605009005,RHGCL,4,88,100,291.00,"29,100.00"
2026-05-06,1369,2026050605008931,RHGCL,4,58,340,291.00,"98,940.00"
2026-05-06,1370,2026050605008904,RHGCL,4,51,20,291.00,"5,820.00"
2026-05-06,1371,2026050605009198,RNLI,14,74,10,457.00,"4,570.00"
2026-05-06,1372,2026050605009197,RNLI,34,74,56,457.00,"25,592.00"
2026-05-06,1373,2026050605009168,RNLI,34,35,61,457.00,"27,877.00"
2026-05-06,1374,2026050605009310,SAHAS,42,34,25,615.00,"15,375.00"
2026-05-06,1375,2026050605009309,SAHAS,41,34,50,615.00,"30,750.00"
2026-05-06,1376,2026050605009308,SAHAS,41,34,50,615.00,"30,750.00"
2026-05-06,1377,2026050605009307,SAHAS,21,34,310,615.00,"190,650.00"
2026-05-06,1378,2026050605009306,SAHAS,58,19,10,615.40,"6,154.00"
2026-05-06,1379,2026050605009282,SAHAS,13,19,30,615.40,"18,462.00"
2026-05-06,1380,2026050605009170,SAHAS,46,59,15,615.00,"9,225.00"
2026-05-06,1381,2026050605009108,SAHAS,46,58,13,615.00,"7,995.00"
2026-05-06,1382,2026050605008851,SAHAS,46,17,12,615.00,"7,380.00"
2026-05-06,1383,2026050605008850,SAHAS,57,17,126,615.00,"77,490.00"
2026-05-06,1384,2026050605009269,SAHAS,21,42,100,615.00,"61,500.00"
2026-05-06,1385,2026050605009268,SAHAS,54,19,300,615.40,"184,620.00"
2026-05-06,1386,2026050605009204,SAHAS,58,19,40,615.40,"24,616.00"
2026-05-06,1387,2026050605009188,SAHAS,21,39,13,615.00,"7,995.00"
2026-05-06,1388,2026050605009173,SAHAS,21,41,211,615.00,"129,765.00"
2026-05-06,1389,2026050605009171,SAHAS,21,59,66,615.00,"40,590.00"
2026-05-06,1390,2026050605009286,SANVI,19,39,100,665.00,"66,500.00"
2026-05-06,1391,2026050605009285,SANVI,49,39,100,665.00,"66,500.00"
2026-05-06,1392,2026050605009163,SANVI,36,49,10,666.00,"6,660.00"
2026-05-06,1393,2026050605009086,SANVI,48,70,10,665.00,"6,650.00"
2026-05-06,1394,2026050605009074,SANVI,48,70,320,665.00,"212,800.00"
2026-05-06,1395,2026050605009073,SANVI,33,70,250,665.20,"166,300.00"
2026-05-06,1396,2026050605008966,SANVI,32,25,20,666.00,"13,320.00"
2026-05-06,1397,2026050605008961,SANVI,32,17,10,666.00,"6,660.00"
2026-05-06,1398,2026050605008912,SANVI,58,58,10,666.00,"6,660.00"
2026-05-06,1399,2026050605009072,SANVI,74,70,100,665.20,"66,520.00"
2026-05-06,1400,2026050605009071,SANVI,33,70,250,666.00,"166,500.00"
2026-05-06,1401,2026050605009070,SANVI,49,70,80,666.00,"53,280.00"
2026-05-06,1402,2026050605009024,SANVI,49,90,70,666.00,"46,620.00"
2026-05-06,1403,2026050605009023,SANVI,32,90,30,666.00,"19,980.00"
2026-05-06,1404,2026050605009004,SANVI,32,57,40,666.00,"26,640.00"
2026-05-06,1405,2026050605009021,SGHC,7,25,733,356.20,"261,094.60"
2026-05-06,1406,2026050605009020,SGHC,57,25,100,356.30,"35,630.00"
2026-05-06,1407,2026050605009019,SGHC,80,25,50,356.30,"17,815.00"
2026-05-06,1408,2026050605009018,SGHC,17,25,10,356.40,"3,564.00"
2026-05-06,1409,2026050605009017,SGHC,8,25,30,357.00,"10,710.00"
2026-05-06,1410,2026050605009016,SGHC,35,25,60,357.00,"21,420.00"
2026-05-06,1411,2026050605009015,SGHC,26,25,50,357.10,"17,855.00"
2026-05-06,1412,2026050605009294,SHIVM,17,1,10,663.00,"6,630.00"
2026-05-06,1413,2026050605009281,SHIVM,66,36,265,662.00,"175,430.00"
2026-05-06,1414,2026050605009280,SHIVM,66,36,35,662.00,"23,170.00"
2026-05-06,1415,2026050605009264,SHIVM,58,59,7,662.00,"4,634.00"
2026-05-06,1416,2026050605009161,SHIVM,66,17,100,662.00,"66,200.00"
2026-05-06,1417,2026050605009157,SHIVM,39,18,100,663.00,"66,300.00"
2026-05-06,1418,2026050605008875,SHIVM,16,50,100,662.90,"66,290.00"
2026-05-06,1419,2026050605008874,SHIVM,16,21,439,662.90,"291,013.10"
2026-05-06,1420,2026050605008865,SHIVM,100,64,100,662.00,"66,200.00"
2026-05-06,1421,2026050605008845,SHIVM,100,57,100,662.00,"66,200.00"
2026-05-06,1422,2026050605008844,SHIVM,100,22,30,662.00,"19,860.00"
2026-05-06,1423,2026050605008920,SHIVM,56,38,41,663.00,"27,183.00"
2026-05-06,1424,2026050605008919,SHIVM,56,39,12,663.00,"7,956.00"
2026-05-06,1425,2026050605008914,SHIVM,100,58,"1,500",662.00,"993,000.00"
2026-05-06,1426,2026050605008878,SHIVM,16,39,88,663.00,"58,344.00"
2026-05-06,1427,2026050605008877,SHIVM,16,1,273,663.00,"180,999.00"
2026-05-06,1428,2026050605008876,SHIVM,16,6,100,662.90,"66,290.00"
2026-05-06,1429,2026050605009081,SHIVM,42,38,10,663.50,"6,635.00"
2026-05-06,1430,2026050605009069,SHIVM,100,38,250,663.50,"165,875.00"
2026-05-06,1431,2026050605009026,SHIVM,52,38,100,663.50,"66,350.00"
2026-05-06,1432,2026050605008977,SHIVM,29,38,13,663.50,"8,625.50"
2026-05-06,1433,2026050605008955,SHIVM,100,58,20,662.00,"13,240.00"
2026-05-06,1434,2026050605008936,SHIVM,42,13,10,663.00,"6,630.00"
2026-05-06,1435,2026050605009339,SIGS2,58,11,"2,000",10.35,"20,700.00"
2026-05-06,1436,2026050605009079,SIKLES,34,41,167,572.10,"95,540.70"
2026-05-06,1437,2026050605008880,SLCF,32,16,"1,000",9.88,"9,880.00"
2026-05-06,1438,2026050605008894,SMATA,34,48,20,761.00,"15,220.00"
2026-05-06,1439,2026050605008885,SMATA,34,63,50,761.00,"38,050.00"
2026-05-06,1440,2026050605008884,SMATA,48,63,30,761.00,"22,830.00"
2026-05-06,1441,2026050605008883,SMATA,42,63,20,761.20,"15,224.00"
2026-05-06,1442,2026050605009284,SMH,42,54,19,568.50,"10,801.50"
2026-05-06,1443,2026050605009338,SMHL,16,13,210,497.00,"104,370.00"
2026-05-06,1444,2026050605009316,SMHL,16,17,150,497.00,"74,550.00"
2026-05-06,1445,2026050605009196,SMHL,16,42,11,497.00,"5,467.00"
2026-05-06,1446,2026050605009120,SMHL,16,36,200,497.00,"99,400.00"
2026-05-06,1447,2026050605009106,SMHL,16,69,25,497.00,"12,425.00"
2026-05-06,1448,2026050605009052,SMHL,16,52,196,497.00,"97,412.00"
2026-05-06,1449,2026050605008973,SMHL,16,41,21,497.00,"10,437.00"
2026-05-06,1450,2026050605008972,SMHL,16,38,100,496.80,"49,680.00"
2026-05-06,1451,2026050605008954,SMHL,21,36,10,496.40,"4,964.00"
2026-05-06,1452,2026050605009027,SMHL,16,52,304,497.00,"151,088.00"
2026-05-06,1453,2026050605009022,SMHL,42,58,14,497.60,"6,966.40"
2026-05-06,1454,2026050605008998,SMHL,58,58,100,497.60,"49,760.00"
2026-05-06,1455,2026050605008976,SMHL,16,89,75,497.00,"37,275.00"
2026-05-06,1456,2026050605008975,SMHL,16,42,400,497.00,"198,800.00"
2026-05-06,1457,2026050605008974,SMHL,16,40,100,497.00,"49,700.00"
2026-05-06,1458,2026050605009131,SMJC,22,57,10,435.20,"4,352.00"
2026-05-06,1459,2026050605009155,SONA,58,49,10,429.70,"4,297.00"
2026-05-06,1460,2026050605009151,SONA,58,57,10,429.70,"4,297.00"
2026-05-06,1461,2026050605009147,SONA,58,38,10,429.80,"4,298.00"
2026-05-06,1462,2026050605008942,SONA,58,57,10,429.70,"4,297.00"
2026-05-06,1463,2026050605008911,SONA,58,58,10,429.70,"4,297.00"
2026-05-06,1464,2026050605008849,SONA,42,52,9,429.60,"3,866.40"
2026-05-06,1465,2026050605009322,SPC,53,17,990,457.00,"452,430.00"
2026-05-06,1466,2026050605008886,SPC,53,54,10,455.00,"4,550.00"
2026-05-06,1467,2026050605008852,SPHL,42,66,10,499.10,"4,991.00"
2026-05-06,1468,2026050605009087,SPL,42,45,10,696.10,"6,961.00"
2026-05-06,1469,2026050605009186,TAMOR,42,59,"1,000",430.00,"430,000.00"
2026-05-06,1470,2026050605009184,TAMOR,42,59,330,430.00,"141,900.00"
2026-05-06,1471,2026050605009014,TAMOR,42,39,10,430.00,"4,300.00"
2026-05-06,1472,2026050605008900,TAMOR,42,58,75,430.00,"32,250.00"
2026-05-06,1473,2026050605009178,TPC,58,16,253,361.00,"91,333.00"
2026-05-06,1474,2026050605009177,TPC,58,1,717,360.90,"258,765.30"
2026-05-06,1475,2026050605009164,TPC,49,8,500,360.60,"180,300.00"
2026-05-06,1476,2026050605009122,TPC,49,1,25,360.90,"9,022.50"
2026-05-06,1477,2026050605009035,TPC,49,35,35,360.70,"12,624.50"
2026-05-06,1478,2026050605009034,TPC,57,35,500,360.70,"180,350.00"
2026-05-06,1479,2026050605009033,TPC,45,35,160,360.70,"57,712.00"
2026-05-06,1480,2026050605008922,TPC,45,56,90,360.70,"32,463.00"
2026-05-06,1481,2026050605008921,TPC,17,56,10,360.70,"3,607.00"
2026-05-06,1482,2026050605009056,TSHL,19,58,25,596.00,"14,900.00"
2026-05-06,1483,2026050605009055,TSHL,58,58,14,597.00,"8,358.00"
2026-05-06,1484,2026050605009278,TVCL,74,101,50,496.00,"24,800.00"
2026-05-06,1485,2026050605009277,TVCL,74,101,100,496.20,"49,620.00"
2026-05-06,1486,2026050605009276,TVCL,38,101,50,496.30,"24,815.00"
2026-05-06,1487,2026050605009275,TVCL,74,101,200,496.50,"99,300.00"
2026-05-06,1488,2026050605009274,TVCL,45,101,100,496.60,"49,660.00"
2026-05-06,1489,2026050605008908,UHEWA,43,63,100,560.20,"56,020.00"
2026-05-06,1490,2026050605009295,ULHC,58,39,100,499.10,"49,910.00"
2026-05-06,1491,2026050605009214,ULHC,7,58,140,500.00,"70,000.00"
2026-05-06,1492,2026050605009213,ULHC,7,58,860,500.00,"430,000.00"
2026-05-06,1493,2026050605009181,ULHC,56,58,500,500.00,"250,000.00"
2026-05-06,1494,2026050605009099,ULHC,58,56,900,499.10,"449,190.00"
2026-05-06,1495,2026050605009098,ULHC,42,56,90,499.20,"44,928.00"
2026-05-06,1496,2026050605009097,ULHC,58,56,10,499.30,"4,993.00"
2026-05-06,1497,2026050605009096,ULHC,91,56,100,499.30,"49,930.00"
2026-05-06,1498,2026050605008866,USHEC,82,58,100,485.00,"48,500.00"
2026-05-06,1499,2026050605008963,VLUCL,64,57,10,475.10,"4,751.00"
2026-05-06,1500,2026050605008901,VLUCL,64,59,10,475.10,"4,751.00"
2026-05-06,1501,2026050605008614,AHL,6,3,40,500.50,"20,020.00"
2026-05-06,1502,2026050605008613,AHL,56,3,460,501.00,"230,460.00"
2026-05-06,1503,2026050605008363,AHL,56,34,20,501.00,"10,020.00"
2026-05-06,1504,2026050605008761,BEDC,34,44,148,351.00,"51,948.00"
2026-05-06,1505,2026050605008673,BEDC,49,58,"1,100",350.90,"385,990.00"
2026-05-06,1506,2026050605008636,BEDC,45,14,250,350.90,"87,725.00"
2026-05-06,1507,2026050605008583,BEDC,4,14,100,351.00,"35,100.00"
2026-05-06,1508,2026050605008582,BEDC,58,14,100,351.00,"35,100.00"
2026-05-06,1509,2026050605008573,BHDC,58,58,88,453.30,"39,890.40"
2026-05-06,1510,2026050605008508,BHDC,14,58,12,454.00,"5,448.00"
2026-05-06,1511,2026050605008708,BHL,42,10,919,215.00,"197,585.00"
2026-05-06,1512,2026050605008707,BHL,39,10,81,215.00,"17,415.00"
2026-05-06,1513,2026050605008694,BHL,39,58,69,215.00,"14,835.00"
2026-05-06,1514,2026050605008693,BHL,42,58,20,215.00,"4,300.00"
2026-05-06,1515,2026050605008692,BHL,34,58,50,215.00,"10,750.00"
2026-05-06,1516,2026050605008691,BHL,34,58,353,215.00,"75,895.00"
2026-05-06,1517,2026050605008367,BHL,45,58,30,215.20,"6,456.00"
2026-05-06,1518,2026050605008344,BHL,45,28,400,215.20,"86,080.00"
2026-05-06,1519,2026050605008690,BHL,33,58,50,215.10,"10,755.00"
