date,sn,contract_no,stock_symbol,buyer,seller,quantity,rate,amount
2026-05-18,1,2026051805011096,AHL,56,32,19,509.90,"9,688.10"
2026-05-18,2,2026051805011095,AHL,56,47,36,509.80,"18,352.80"
2026-05-18,3,2026051805011094,AHL,56,6,10,509.00,"5,090.00"
2026-05-18,4,2026051805011093,AHL,56,58,10,508.00,"5,080.00"
2026-05-18,5,2026051805011092,AHL,56,57,25,507.00,"12,675.00"
2026-05-18,6,2026051805010670,AHL,89,25,28,500.00,"14,000.00"
2026-05-18,7,2026051805010692,BEDC,28,26,50,364.20,"18,210.00"
2026-05-18,8,2026051805010691,BEDC,28,57,100,363.90,"36,390.00"
2026-05-18,9,2026051805011124,BGWT,35,7,10,669.00,"6,690.00"
2026-05-18,10,2026051805011088,BGWT,41,47,94,632.00,"59,408.00"
2026-05-18,11,2026051805011087,BGWT,49,47,20,632.00,"12,640.00"
2026-05-18,12,2026051805011062,BGWT,51,47,100,652.10,"65,210.00"
2026-05-18,13,2026051805011061,BGWT,58,47,67,653.00,"43,751.00"
2026-05-18,14,2026051805011068,BGWT,52,47,784,651.00,"510,384.00"
2026-05-18,15,2026051805011067,BGWT,32,47,50,652.00,"32,600.00"
2026-05-18,16,2026051805011066,BGWT,42,47,100,652.00,"65,200.00"
2026-05-18,17,2026051805011065,BGWT,42,47,100,652.00,"65,200.00"
2026-05-18,18,2026051805011064,BGWT,22,47,50,652.00,"32,600.00"
2026-05-18,19,2026051805011063,BGWT,51,47,100,652.10,"65,210.00"
2026-05-18,20,2026051805011074,BGWT,32,47,100,650.00,"65,000.00"
2026-05-18,21,2026051805011073,BGWT,94,47,10,650.00,"6,500.00"
2026-05-18,22,2026051805011072,BGWT,21,47,100,651.00,"65,100.00"
2026-05-18,23,2026051805011071,BGWT,58,47,20,651.00,"13,020.00"
2026-05-18,24,2026051805011070,BGWT,5,47,"1,000",651.00,"651,000.00"
2026-05-18,25,2026051805011069,BGWT,32,47,50,651.00,"32,550.00"
2026-05-18,26,2026051805011080,BGWT,8,47,430,641.20,"275,716.00"
2026-05-18,27,2026051805011079,BGWT,42,47,10,642.00,"6,420.00"
2026-05-18,28,2026051805011078,BGWT,56,47,30,644.00,"19,320.00"
2026-05-18,29,2026051805011077,BGWT,19,47,10,644.00,"6,440.00"
2026-05-18,30,2026051805011076,BGWT,38,47,25,647.00,"16,175.00"
2026-05-18,31,2026051805011075,BGWT,82,47,100,648.00,"64,800.00"
2026-05-18,32,2026051805011086,BGWT,57,47,10,632.20,"6,322.00"
2026-05-18,33,2026051805011085,BGWT,46,47,15,633.60,"9,504.00"
2026-05-18,34,2026051805011084,BGWT,34,47,100,634.00,"63,400.00"
2026-05-18,35,2026051805011083,BGWT,33,47,150,640.00,"96,000.00"
2026-05-18,36,2026051805011082,BGWT,48,47,15,640.00,"9,600.00"
2026-05-18,37,2026051805011081,BGWT,46,47,10,640.60,"6,406.00"
2026-05-18,38,2026051805010739,BHDC,59,26,23,456.30,"10,494.90"
2026-05-18,39,2026051805010696,BHDC,39,56,200,456.50,"91,300.00"
2026-05-18,40,2026051805010695,BHDC,38,56,10,456.60,"4,566.00"
2026-05-18,41,2026051805011034,BHL,14,58,50,221.00,"11,050.00"
2026-05-18,42,2026051805010934,BHL,42,58,17,221.00,"3,757.00"
2026-05-18,43,2026051805010928,BHL,49,52,339,220.90,"74,885.10"
2026-05-18,44,2026051805010844,BHL,49,42,15,220.90,"3,313.50"
2026-05-18,45,2026051805010841,BHL,34,52,661,221.00,"146,081.00"
2026-05-18,46,2026051805010840,BHL,34,58,339,221.00,"74,919.00"
2026-05-18,47,2026051805010830,BHL,49,6,250,220.90,"55,225.00"
2026-05-18,48,2026051805010782,BHL,51,39,130,220.80,"28,704.00"
2026-05-18,49,2026051805010745,BHL,52,58,500,221.00,"110,500.00"
2026-05-18,50,2026051805010688,BHL,51,48,305,220.80,"67,344.00"
2026-05-18,51,2026051805010649,BHL,32,48,25,221.00,"5,525.00"
2026-05-18,52,2026051805011127,BHPL,33,42,53,515.00,"27,295.00"
2026-05-18,53,2026051805011126,BHPL,34,42,187,515.00,"96,305.00"
2026-05-18,54,2026051805010938,BHPL,57,45,115,515.10,"59,236.50"
2026-05-18,55,2026051805010669,BNHC,42,1,100,322.00,"32,200.00"
2026-05-18,56,2026051805011113,CHDC,37,5,30,"2,252.10","67,563.00"
2026-05-18,57,2026051805011091,CHDC,11,94,10,"2,269.00","22,690.00"
2026-05-18,58,2026051805010870,CHDC,35,41,2,"2,260.00","4,520.00"
2026-05-18,59,2026051805010710,CHDC,86,6,10,"2,252.00","22,520.00"
2026-05-18,60,2026051805010979,CIT,8,26,10,"1,768.50","17,685.00"
2026-05-18,61,2026051805010978,CIT,16,58,21,"1,768.00","37,128.00"
2026-05-18,62,2026051805010675,CIT,16,49,250,"1,768.00","442,000.00"
2026-05-18,63,2026051805010647,CIT,16,42,24,"1,768.00","42,432.00"
2026-05-18,64,2026051805010847,CKHL,45,37,10,664.00,"6,640.00"
2026-05-18,65,2026051805010846,CKHL,45,58,10,656.00,"6,560.00"
2026-05-18,66,2026051805011028,CLI,56,17,53,451.60,"23,934.80"
2026-05-18,67,2026051805011027,CLI,56,52,12,451.60,"5,419.20"
2026-05-18,68,2026051805011004,CLI,21,49,13,452.00,"5,876.00"
2026-05-18,69,2026051805010786,CLI,56,49,13,451.60,"5,870.80"
2026-05-18,70,2026051805010740,CLI,42,45,13,451.60,"5,870.80"
2026-05-18,71,2026051805010757,CMF2,57,62,160,9.96,"1,593.60"
2026-05-18,72,2026051805011059,DOLTI,86,58,16,347.00,"5,552.00"
2026-05-18,73,2026051805011058,DOLTI,86,58,30,347.00,"10,410.00"
2026-05-18,74,2026051805011057,DOLTI,86,57,14,347.00,"4,858.00"
2026-05-18,75,2026051805011056,DOLTI,86,49,50,346.00,"17,300.00"
2026-05-18,76,2026051805011055,DOLTI,86,83,90,345.00,"31,050.00"
2026-05-18,77,2026051805010983,DOLTI,62,83,10,345.00,"3,450.00"
2026-05-18,78,2026051805010674,DOLTI,29,82,111,345.00,"38,295.00"
2026-05-18,79,2026051805010668,DORDI,65,71,1,265.00,265.00
2026-05-18,80,2026051805010955,EHPL,51,1,33,382.00,"12,606.00"
2026-05-18,81,2026051805010819,EHPL,41,1,20,382.00,"7,640.00"
2026-05-18,82,2026051805010799,EHPL,58,96,410,380.90,"156,169.00"
2026-05-18,83,2026051805010736,EHPL,58,17,40,380.80,"15,232.00"
2026-05-18,84,2026051805010713,EHPL,57,17,50,381.00,"19,050.00"
2026-05-18,85,2026051805011112,ENL,60,6,25,890.00,"22,250.00"
2026-05-18,86,2026051805011111,ENL,60,42,10,896.00,"8,960.00"
2026-05-18,87,2026051805011110,ENL,74,54,10,896.00,"8,960.00"
2026-05-18,88,2026051805011010,ENL,60,43,10,890.00,"8,900.00"
2026-05-18,89,2026051805010923,ENL,60,6,15,870.00,"13,050.00"
2026-05-18,90,2026051805010873,ENL,74,56,21,885.00,"18,585.00"
2026-05-18,91,2026051805010872,ENL,74,38,10,875.00,"8,750.00"
2026-05-18,92,2026051805010871,ENL,74,11,10,874.00,"8,740.00"
2026-05-18,93,2026051805011053,GCIL,32,50,10,415.90,"4,159.00"
2026-05-18,94,2026051805011052,GCIL,32,45,12,415.00,"4,980.00"
2026-05-18,95,2026051805011051,GCIL,32,56,12,415.00,"4,980.00"
2026-05-18,96,2026051805011050,GCIL,32,58,12,415.00,"4,980.00"
2026-05-18,97,2026051805010684,GCIL,6,21,10,414.00,"4,140.00"
2026-05-18,98,2026051805010771,GCIL,28,42,12,414.00,"4,968.00"
2026-05-18,99,2026051805010755,GCIL,32,1,10,414.90,"4,149.00"
2026-05-18,100,2026051805011049,GCIL,32,49,12,415.00,"4,980.00"
2026-05-18,101,2026051805011048,GCIL,32,59,12,415.00,"4,980.00"
2026-05-18,102,2026051805011125,GVL,48,53,10,493.90,"4,939.00"
2026-05-18,103,2026051805011042,GVL,3,53,10,493.90,"4,939.00"
2026-05-18,104,2026051805010994,GVL,19,53,117,493.90,"57,786.30"
2026-05-18,105,2026051805010993,GVL,19,42,130,493.80,"64,194.00"
2026-05-18,106,2026051805010883,GVL,19,32,220,490.00,"107,800.00"
2026-05-18,107,2026051805010875,GVL,38,42,10,493.80,"4,938.00"
2026-05-18,108,2026051805010756,GVL,39,49,11,489.00,"5,379.00"
2026-05-18,109,2026051805011054,HDL,53,17,10,"1,155.00","11,550.00"
2026-05-18,110,2026051805010664,HDL,44,56,17,"1,154.00","19,618.00"
2026-05-18,111,2026051805010714,HDL,44,56,23,"1,154.00","26,542.00"
2026-05-18,112,2026051805010682,HDL,34,17,10,"1,155.00","11,550.00"
2026-05-18,113,2026051805010787,HDL,58,56,367,"1,154.00","423,518.00"
2026-05-18,114,2026051805010743,HDL,36,56,100,"1,154.00","115,400.00"
2026-05-18,115,2026051805010877,HDL,42,11,100,"1,154.00","115,400.00"
2026-05-18,116,2026051805010876,HDL,35,11,10,"1,154.00","11,540.00"
2026-05-18,117,2026051805010843,HDL,58,56,10,"1,154.00","11,540.00"
2026-05-18,118,2026051805010788,HDL,58,95,50,"1,154.00","57,700.00"
2026-05-18,119,2026051805010984,HDL,42,44,12,"1,154.00","13,848.00"
2026-05-18,120,2026051805010981,HDL,57,44,38,"1,154.00","43,852.00"
2026-05-18,121,2026051805010980,HDL,57,11,10,"1,154.00","11,540.00"
2026-05-18,122,2026051805010894,HDL,58,11,20,"1,154.00","23,080.00"
2026-05-18,123,2026051805010888,HDL,58,11,10,"1,154.00","11,540.00"
2026-05-18,124,2026051805011044,HDL,90,90,500,"1,154.10","577,050.00"
2026-05-18,125,2026051805011121,HHL,62,74,10,367.00,"3,670.00"
2026-05-18,126,2026051805011103,HHL,33,74,50,367.00,"18,350.00"
2026-05-18,127,2026051805011089,HHL,83,74,50,367.00,"18,350.00"
2026-05-18,128,2026051805010783,HHL,42,22,40,366.00,"14,640.00"
2026-05-18,129,2026051805010761,HHL,32,74,150,367.00,"55,050.00"
2026-05-18,130,2026051805010760,HHL,32,11,500,366.90,"183,450.00"
2026-05-18,131,2026051805010759,HHL,32,50,200,366.90,"73,380.00"
2026-05-18,132,2026051805010758,HHL,32,4,150,366.80,"55,020.00"
2026-05-18,133,2026051805010907,HHL,60,74,225,367.00,"82,575.00"
2026-05-18,134,2026051805010879,HHL,58,63,100,366.10,"36,610.00"
2026-05-18,135,2026051805010785,HHL,94,22,"1,000",366.00,"366,000.00"
2026-05-18,136,2026051805010784,HHL,38,22,20,366.00,"7,320.00"
2026-05-18,137,2026051805010953,HIDCL,48,32,903,268.40,"242,365.20"
2026-05-18,138,2026051805010896,HIDCL,52,49,20,268.50,"5,370.00"
2026-05-18,139,2026051805010891,HIDCL,45,35,65,268.70,"17,465.50"
2026-05-18,140,2026051805010890,HIDCL,45,57,310,268.70,"83,297.00"
2026-05-18,141,2026051805010889,HIDCL,45,67,25,268.60,"6,715.00"
2026-05-18,142,2026051805010811,HIDCL,52,66,600,268.50,"161,100.00"
2026-05-18,143,2026051805010779,HIDCL,52,21,200,268.50,"53,700.00"
2026-05-18,144,2026051805010731,HIDCL,48,39,500,268.40,"134,200.00"
2026-05-18,145,2026051805010694,HIDCL,41,57,190,268.70,"51,053.00"
2026-05-18,146,2026051805010693,HIDCL,41,54,10,268.50,"2,685.00"
2026-05-18,147,2026051805011137,HRL,34,58,17,636.90,"10,827.30"
2026-05-18,148,2026051805011090,HRL,56,45,79,637.00,"50,323.00"
2026-05-18,149,2026051805010962,HRL,57,56,130,636.30,"82,719.00"
2026-05-18,150,2026051805010945,HRL,58,45,80,637.00,"50,960.00"
2026-05-18,151,2026051805010933,HRL,28,42,44,636.00,"27,984.00"
2026-05-18,152,2026051805010650,HRL,43,36,40,636.40,"25,456.00"
2026-05-18,153,2026051805010648,HRL,43,22,10,636.40,"6,364.00"
2026-05-18,154,2026051805010662,HRL,28,91,10,636.00,"6,360.00"
2026-05-18,155,2026051805010655,HRL,28,45,26,636.00,"16,536.00"
2026-05-18,156,2026051805010654,HRL,51,45,74,636.00,"47,064.00"
2026-05-18,157,2026051805010653,HRL,51,36,75,636.00,"47,700.00"
2026-05-18,158,2026051805010652,HRL,75,36,155,636.00,"98,580.00"
2026-05-18,159,2026051805010651,HRL,18,36,300,636.20,"190,860.00"
2026-05-18,160,2026051805010766,HRL,49,57,50,636.80,"31,840.00"
2026-05-18,161,2026051805010751,HRL,32,57,40,636.80,"25,472.00"
2026-05-18,162,2026051805010744,HRL,32,58,10,636.80,"6,368.00"
2026-05-18,163,2026051805010712,HRL,32,58,50,636.80,"31,840.00"
2026-05-18,164,2026051805010880,HRL,42,7,20,636.30,"12,726.00"
2026-05-18,165,2026051805010855,HRL,17,7,30,636.30,"19,089.00"
2026-05-18,166,2026051805010932,HRL,22,42,100,636.10,"63,610.00"
2026-05-18,167,2026051805010931,HRL,22,42,50,636.20,"31,810.00"
2026-05-18,168,2026051805010922,HRL,58,45,150,637.00,"95,550.00"
2026-05-18,169,2026051805010921,HRL,58,41,200,636.90,"127,380.00"
2026-05-18,170,2026051805010882,HRL,42,41,20,636.80,"12,736.00"
2026-05-18,171,2026051805010881,HRL,42,57,10,636.80,"6,368.00"
2026-05-18,172,2026051805011122,IHL,42,49,10,438.00,"4,380.00"
2026-05-18,173,2026051805011040,IHL,49,41,45,437.40,"19,683.00"
2026-05-18,174,2026051805011030,IHL,38,41,100,437.40,"43,740.00"
2026-05-18,175,2026051805011014,IHL,58,41,50,437.40,"21,870.00"
2026-05-18,176,2026051805010969,IHL,45,41,20,437.40,"8,748.00"
2026-05-18,177,2026051805010856,IHL,58,48,100,436.00,"43,600.00"
2026-05-18,178,2026051805010795,IHL,58,56,8,430.00,"3,440.00"
2026-05-18,179,2026051805010666,IHL,42,34,35,437.00,"15,295.00"
2026-05-18,180,2026051805010665,IHL,42,58,10,435.00,"4,350.00"
2026-05-18,181,2026051805010903,IHL,58,4,40,437.00,"17,480.00"
2026-05-18,182,2026051805010902,IHL,58,34,15,437.00,"6,555.00"
2026-05-18,183,2026051805010885,IHL,58,34,200,437.00,"87,400.00"
2026-05-18,184,2026051805010868,IHL,58,11,6,431.00,"2,586.00"
2026-05-18,185,2026051805010864,IHL,43,34,50,437.00,"21,850.00"
2026-05-18,186,2026051805010857,IHL,58,34,100,437.00,"43,700.00"
2026-05-18,187,2026051805010967,IHL,58,41,50,437.40,"21,870.00"
2026-05-18,188,2026051805010940,IHL,58,41,100,437.40,"43,740.00"
2026-05-18,189,2026051805010906,IHL,58,41,35,437.40,"15,309.00"
2026-05-18,190,2026051805010905,IHL,58,41,100,437.10,"43,710.00"
2026-05-18,191,2026051805010904,IHL,58,58,10,437.00,"4,370.00"
2026-05-18,192,2026051805010992,ILI,42,45,195,434.60,"84,747.00"
2026-05-18,193,2026051805010991,ILI,88,45,288,434.60,"125,164.80"
2026-05-18,194,2026051805010990,ILI,42,45,10,434.70,"4,347.00"
2026-05-18,195,2026051805010989,ILI,45,45,100,434.70,"43,470.00"
2026-05-18,196,2026051805010988,ILI,17,45,47,434.70,"20,430.90"
2026-05-18,197,2026051805010987,ILI,42,45,150,434.90,"65,235.00"
2026-05-18,198,2026051805010701,ILI,58,52,50,436.00,"21,800.00"
2026-05-18,199,2026051805010700,ILI,58,58,25,436.00,"10,900.00"
2026-05-18,200,2026051805010699,ILI,58,45,12,435.00,"5,220.00"
2026-05-18,201,2026051805010698,ILI,58,34,12,435.00,"5,220.00"
2026-05-18,202,2026051805010697,ILI,58,16,15,435.00,"6,525.00"
2026-05-18,203,2026051805010986,ILI,35,45,200,435.00,"87,000.00"
2026-05-18,204,2026051805010985,ILI,58,45,10,435.00,"4,350.00"
2026-05-18,205,2026051805010705,ILI,58,54,352,436.00,"153,472.00"
2026-05-18,206,2026051805010704,ILI,58,58,10,436.00,"4,360.00"
2026-05-18,207,2026051805010703,ILI,58,58,12,436.00,"5,232.00"
2026-05-18,208,2026051805010702,ILI,58,45,12,436.00,"5,232.00"
2026-05-18,209,2026051805010849,MAKAR,34,65,260,495.50,"128,830.00"
2026-05-18,210,2026051805010848,MAKAR,34,58,140,495.50,"69,370.00"
2026-05-18,211,2026051805011123,MANDU,16,58,10,814.00,"8,140.00"
2026-05-18,212,2026051805011120,MANDU,42,43,95,810.20,"76,969.00"
2026-05-18,213,2026051805011119,MANDU,8,43,25,810.30,"20,257.50"
2026-05-18,214,2026051805011118,MANDU,42,43,100,810.40,"81,040.00"
2026-05-18,215,2026051805010884,MANDU,8,4,50,811.00,"40,550.00"
2026-05-18,216,2026051805010832,MANDU,8,34,180,811.00,"145,980.00"
2026-05-18,217,2026051805010901,MCHL,51,57,30,310.00,"9,300.00"
2026-05-18,218,2026051805010687,MCHL,51,52,10,310.00,"3,100.00"
2026-05-18,219,2026051805010949,MEHL,35,42,120,374.30,"44,916.00"
2026-05-18,220,2026051805010942,MEHL,85,26,20,377.90,"7,558.00"
2026-05-18,221,2026051805010941,MEHL,85,52,10,377.50,"3,775.00"
2026-05-18,222,2026051805010939,MEHL,65,42,10,375.00,"3,750.00"
2026-05-18,223,2026051805010915,MEHL,35,33,125,374.30,"46,787.50"
2026-05-18,224,2026051805010794,MEHL,35,42,122,374.30,"45,664.60"
2026-05-18,225,2026051805010709,MEHL,42,42,108,374.30,"40,424.40"
2026-05-18,226,2026051805010644,MEHL,6,42,20,376.00,"7,520.00"
2026-05-18,227,2026051805011012,MEL,58,47,98,234.10,"22,941.80"
2026-05-18,228,2026051805010775,MEL,66,58,10,236.00,"2,360.00"
2026-05-18,229,2026051805010689,MEL,66,52,10,235.00,"2,350.00"
2026-05-18,230,2026051805010852,MEL,63,94,10,235.00,"2,350.00"
2026-05-18,231,2026051805010778,MEL,66,47,60,236.00,"14,160.00"
2026-05-18,232,2026051805010777,MEL,66,49,10,236.00,"2,360.00"
2026-05-18,233,2026051805010776,MEL,66,58,10,236.00,"2,360.00"
2026-05-18,234,2026051805010656,MHCL,52,52,10,348.00,"3,480.00"
2026-05-18,235,2026051805011102,MHL,42,58,50,499.90,"24,995.00"
2026-05-18,236,2026051805011101,MHL,42,42,100,499.00,"49,900.00"
2026-05-18,237,2026051805011100,MHL,42,1,10,498.90,"4,989.00"
2026-05-18,238,2026051805011099,MHL,42,49,380,497.00,"188,860.00"
2026-05-18,239,2026051805011047,MHL,35,49,20,497.00,"9,940.00"
2026-05-18,240,2026051805010862,MHL,22,45,180,492.30,"88,614.00"
2026-05-18,241,2026051805011037,MKHC,4,29,10,323.00,"3,230.00"
2026-05-18,242,2026051805011036,MKHC,4,34,10,323.00,"3,230.00"
2026-05-18,243,2026051805011035,MKHC,4,41,10,321.00,"3,210.00"
2026-05-18,244,2026051805011009,MKHC,6,45,10,321.00,"3,210.00"
2026-05-18,245,2026051805010671,MKHC,58,92,630,316.20,"199,206.00"
2026-05-18,246,2026051805011138,MMKJL,70,51,10,493.00,"4,930.00"
2026-05-18,247,2026051805010995,MMKJL,17,51,40,493.00,"19,720.00"
2026-05-18,248,2026051805010866,MMKJL,40,51,10,493.00,"4,930.00"
2026-05-18,249,2026051805010773,MMKJL,14,57,50,490.00,"24,500.00"
2026-05-18,250,2026051805010854,MSHL,28,59,65,687.00,"44,655.00"
2026-05-18,251,2026051805010853,MSHL,28,59,10,687.00,"6,870.00"
2026-05-18,252,2026051805010715,NICFC,43,58,300,9.40,"2,820.00"
2026-05-18,253,2026051805010874,NIFRA,33,57,10,262.80,"2,628.00"
2026-05-18,254,2026051805010673,NIFRA,42,26,18,262.30,"4,721.40"
2026-05-18,255,2026051805010672,NIFRA,28,26,46,262.50,"12,075.00"
2026-05-18,256,2026051805011136,NRIC,22,42,60,896.00,"53,760.00"
2026-05-18,257,2026051805011135,NRIC,22,14,100,894.00,"89,400.00"
2026-05-18,258,2026051805011134,NRIC,22,58,13,894.00,"11,622.00"
2026-05-18,259,2026051805011133,NRIC,22,43,53,891.00,"47,223.00"
2026-05-18,260,2026051805011132,NRIC,22,72,370,891.00,"329,670.00"
2026-05-18,261,2026051805011043,NRIC,54,72,10,891.00,"8,910.00"
2026-05-18,262,2026051805010764,NRIC,22,49,16,890.00,"14,240.00"
2026-05-18,263,2026051805010763,NRIC,22,7,50,890.00,"44,500.00"
2026-05-18,264,2026051805011039,NRIC,4,101,200,890.00,"178,000.00"
2026-05-18,265,2026051805011038,NRIC,49,101,20,890.00,"17,800.00"
2026-05-18,266,2026051805010851,NRIC,49,101,50,890.00,"44,500.00"
2026-05-18,267,2026051805010822,NRIC,39,101,30,890.00,"26,700.00"
2026-05-18,268,2026051805010765,NRIC,22,34,39,890.00,"34,710.00"
2026-05-18,269,2026051805011022,NRM,58,34,100,351.00,"35,100.00"
2026-05-18,270,2026051805010943,NRM,41,34,10,351.00,"3,510.00"
2026-05-18,271,2026051805010926,NRM,60,45,100,350.00,"35,000.00"
2026-05-18,272,2026051805010925,NRM,29,45,100,350.10,"35,010.00"
2026-05-18,273,2026051805010750,NRM,60,45,110,350.00,"38,500.00"
2026-05-18,274,2026051805010749,NRM,41,45,90,350.10,"31,509.00"
2026-05-18,275,2026051805010748,NRM,60,45,100,350.10,"35,010.00"
2026-05-18,276,2026051805010747,NRM,58,45,100,350.20,"35,020.00"
2026-05-18,277,2026051805010735,NRM,60,32,50,350.10,"17,505.00"
2026-05-18,278,2026051805010716,NRM,60,34,225,351.00,"78,975.00"
2026-05-18,279,2026051805010641,NRM,42,34,800,351.00,"280,800.00"
2026-05-18,280,2026051805011098,NRN,58,10,10,"1,357.00","13,570.00"
2026-05-18,281,2026051805010667,NRN,56,45,74,"1,355.00","100,270.00"
2026-05-18,282,2026051805010690,NRN,58,57,10,"1,353.00","13,530.00"
2026-05-18,283,2026051805010677,NRN,58,70,35,"1,353.00","47,355.00"
2026-05-18,284,2026051805010676,NRN,48,70,50,"1,354.00","67,700.00"
2026-05-18,285,2026051805010781,NRN,58,45,216,"1,353.00","292,248.00"
2026-05-18,286,2026051805010780,NRN,6,45,100,"1,353.10","135,310.00"
2026-05-18,287,2026051805010867,NRN,58,14,15,"1,356.00","20,340.00"
2026-05-18,288,2026051805010835,NRN,49,41,15,"1,353.20","20,298.00"
2026-05-18,289,2026051805010929,NRN,58,36,10,"1,356.00","13,560.00"
2026-05-18,290,2026051805011021,NRN,49,8,11,"1,353.20","14,885.20"
2026-05-18,291,2026051805011020,NRN,58,8,100,"1,354.00","135,400.00"
2026-05-18,292,2026051805011019,NRN,58,8,189,"1,356.00","256,284.00"
2026-05-18,293,2026051805010966,NTC,59,34,10,890.50,"8,905.00"
2026-05-18,294,2026051805010809,NTC,58,58,429,890.10,"381,852.90"
2026-05-18,295,2026051805010808,NTC,61,58,21,890.20,"18,694.20"
2026-05-18,296,2026051805010807,NTC,45,58,10,890.30,"8,903.00"
2026-05-18,297,2026051805010806,NTC,59,58,40,890.50,"35,620.00"
2026-05-18,298,2026051805010769,NTC,25,59,15,890.50,"13,357.50"
2026-05-18,299,2026051805010717,NTC,75,59,20,893.00,"17,860.00"
2026-05-18,300,2026051805010723,NTC,41,59,12,891.00,"10,692.00"
2026-05-18,301,2026051805010722,NTC,71,59,20,891.20,"17,824.00"
2026-05-18,302,2026051805010721,NTC,58,59,55,891.30,"49,021.50"
2026-05-18,303,2026051805010720,NTC,45,59,163,891.30,"145,281.90"
2026-05-18,304,2026051805010719,NTC,38,59,50,892.00,"44,600.00"
2026-05-18,305,2026051805010718,NTC,34,59,55,893.00,"49,115.00"
2026-05-18,306,2026051805010754,NTC,42,59,40,891.00,"35,640.00"
2026-05-18,307,2026051805010753,NTC,45,59,50,891.00,"44,550.00"
2026-05-18,308,2026051805010752,NTC,52,59,395,891.00,"351,945.00"
2026-05-18,309,2026051805010726,NTC,52,59,105,891.00,"93,555.00"
2026-05-18,310,2026051805010725,NTC,42,59,10,891.00,"8,910.00"
2026-05-18,311,2026051805010724,NTC,34,59,10,891.00,"8,910.00"
2026-05-18,312,2026051805010762,PHCL,28,45,200,307.00,"61,400.00"
2026-05-18,313,2026051805011109,PPL,49,57,10,346.00,"3,460.00"
2026-05-18,314,2026051805011041,PPL,57,57,10,346.00,"3,460.00"
2026-05-18,315,2026051805010861,PPL,48,7,45,345.50,"15,547.50"
2026-05-18,316,2026051805010824,PPL,49,44,100,344.20,"34,420.00"
2026-05-18,317,2026051805010823,PPL,17,44,200,344.20,"68,840.00"
2026-05-18,318,2026051805010796,PPL,48,45,70,345.00,"24,150.00"
2026-05-18,319,2026051805010770,PPL,57,56,15,344.20,"5,163.00"
2026-05-18,320,2026051805010734,PPL,52,45,500,345.00,"172,500.00"
2026-05-18,321,2026051805010733,PPL,21,45,30,345.00,"10,350.00"
2026-05-18,322,2026051805010732,PPL,48,45,100,345.10,"34,510.00"
2026-05-18,323,2026051805010977,RFPL,49,80,10,370.90,"3,709.00"
2026-05-18,324,2026051805010954,RFPL,49,35,20,370.90,"7,418.00"
2026-05-18,325,2026051805010950,RFPL,49,5,62,370.90,"22,995.80"
2026-05-18,326,2026051805010860,RFPL,3,34,50,371.00,"18,550.00"
2026-05-18,327,2026051805010859,RFPL,3,51,100,371.00,"37,100.00"
2026-05-18,328,2026051805010839,RFPL,7,58,"1,000",371.00,"371,000.00"
2026-05-18,329,2026051805010838,RFPL,7,59,55,371.00,"20,405.00"
2026-05-18,330,2026051805010837,RFPL,7,94,863,370.90,"320,086.70"
2026-05-18,331,2026051805010836,RFPL,7,26,80,370.90,"29,672.00"
2026-05-18,332,2026051805010742,RFPL,45,26,20,370.90,"7,418.00"
2026-05-18,333,2026051805010741,RFPL,45,28,30,370.00,"11,100.00"
2026-05-18,334,2026051805011097,RHGCL,44,72,10,292.00,"2,920.00"
2026-05-18,335,2026051805011025,RHGCL,58,72,108,292.00,"31,536.00"
2026-05-18,336,2026051805011024,RHGCL,58,79,20,290.00,"5,800.00"
2026-05-18,337,2026051805011023,RHGCL,58,68,122,290.00,"35,380.00"
2026-05-18,338,2026051805011013,RHGCL,32,45,320,288.10,"92,192.00"
2026-05-18,339,2026051805010961,RHGCL,32,34,277,288.10,"79,803.70"
2026-05-18,340,2026051805010960,RHGCL,48,34,500,288.10,"144,050.00"
2026-05-18,341,2026051805010959,RHGCL,58,34,20,288.20,"5,764.00"
2026-05-18,342,2026051805010958,RHGCL,58,34,20,288.20,"5,764.00"
2026-05-18,343,2026051805010957,RHGCL,41,34,500,288.40,"144,200.00"
2026-05-18,344,2026051805010956,RHGCL,52,34,683,288.50,"197,045.50"
2026-05-18,345,2026051805010845,RHGCL,52,39,130,288.50,"37,505.00"
2026-05-18,346,2026051805010920,RNLI,36,49,12,458.00,"5,496.00"
2026-05-18,347,2026051805011130,SAHAS,74,52,13,667.00,"8,671.00"
2026-05-18,348,2026051805011129,SAHAS,64,52,37,667.00,"24,679.00"
2026-05-18,349,2026051805011060,SAHAS,64,29,50,667.00,"33,350.00"
2026-05-18,350,2026051805011031,SAHAS,64,80,13,667.00,"8,671.00"
2026-05-18,351,2026051805010963,SAHAS,42,19,87,666.00,"57,942.00"
2026-05-18,352,2026051805010952,SAHAS,38,19,10,666.10,"6,661.00"
2026-05-18,353,2026051805010680,SAHAS,32,36,36,667.00,"24,012.00"
2026-05-18,354,2026051805010679,SAHAS,32,22,10,667.00,"6,670.00"
2026-05-18,355,2026051805010678,SAHAS,49,45,20,666.10,"13,322.00"
2026-05-18,356,2026051805010663,SAHAS,32,66,869,665.00,"577,885.00"
2026-05-18,357,2026051805010812,SAHAS,38,45,10,667.00,"6,670.00"
2026-05-18,358,2026051805010810,SAHAS,46,45,89,667.00,"59,363.00"
2026-05-18,359,2026051805010797,SAHAS,89,45,10,667.00,"6,670.00"
2026-05-18,360,2026051805010792,SAHAS,41,45,30,667.00,"20,010.00"
2026-05-18,361,2026051805010746,SAHAS,35,62,10,667.90,"6,679.00"
2026-05-18,362,2026051805010681,SAHAS,32,81,500,667.00,"333,500.00"
2026-05-18,363,2026051805010850,SAHAS,32,62,511,666.10,"340,377.10"
2026-05-18,364,2026051805010818,SAHAS,32,66,"1,195",666.10,"795,989.50"
2026-05-18,365,2026051805010817,SAHAS,49,66,905,666.10,"602,820.50"
2026-05-18,366,2026051805010816,SAHAS,50,66,750,666.20,"499,650.00"
2026-05-18,367,2026051805010815,SAHAS,29,66,100,666.20,"66,620.00"
2026-05-18,368,2026051805010814,SAHAS,58,66,50,666.30,"33,315.00"
2026-05-18,369,2026051805010951,SAHAS,32,19,294,666.10,"195,833.40"
2026-05-18,370,2026051805010895,SAHAS,45,19,10,667.00,"6,670.00"
2026-05-18,371,2026051805010892,SAHAS,6,19,99,667.00,"66,033.00"
2026-05-18,372,2026051805010887,SAHAS,41,4,108,667.90,"72,133.20"
2026-05-18,373,2026051805010863,SAHAS,6,14,40,667.00,"26,680.00"
2026-05-18,374,2026051805010858,SAHAS,6,45,61,667.00,"40,687.00"
2026-05-18,375,2026051805011131,SANVI,56,52,10,685.00,"6,850.00"
2026-05-18,376,2026051805011108,SANVI,38,35,10,685.00,"6,850.00"
2026-05-18,377,2026051805011107,SANVI,38,65,100,684.90,"68,490.00"
2026-05-18,378,2026051805011106,SANVI,38,16,70,684.00,"47,880.00"
2026-05-18,379,2026051805011105,SANVI,38,58,10,683.00,"6,830.00"
2026-05-18,380,2026051805011104,SANVI,38,58,10,683.00,"6,830.00"
2026-05-18,381,2026051805010908,SANVI,37,49,14,678.90,"9,504.60"
2026-05-18,382,2026051805010878,SANVI,58,91,10,677.10,"6,771.00"
2026-05-18,383,2026051805010914,SANVI,37,32,10,680.00,"6,800.00"
2026-05-18,384,2026051805010913,SANVI,37,34,100,680.00,"68,000.00"
2026-05-18,385,2026051805010912,SANVI,37,58,10,680.00,"6,800.00"
2026-05-18,386,2026051805010911,SANVI,37,91,65,680.00,"44,200.00"
2026-05-18,387,2026051805010910,SANVI,37,45,60,679.00,"40,740.00"
2026-05-18,388,2026051805010909,SANVI,37,49,10,678.90,"6,789.00"
2026-05-18,389,2026051805010900,SFEF,17,13,"2,650",10.14,"26,871.00"
2026-05-18,390,2026051805010899,SFEF,62,13,"5,000",10.15,"50,750.00"
2026-05-18,391,2026051805010898,SFEF,49,13,"1,350",10.16,"13,716.00"
2026-05-18,392,2026051805010897,SFEF,59,13,"1,600",10.17,"16,272.00"
2026-05-18,393,2026051805011033,SGHC,39,63,66,364.00,"24,024.00"
2026-05-18,394,2026051805011032,SGHC,39,50,30,364.00,"10,920.00"
2026-05-18,395,2026051805011011,SGHC,41,50,10,364.00,"3,640.00"
2026-05-18,396,2026051805010948,SGHC,54,50,240,365.00,"87,600.00"
2026-05-18,397,2026051805010947,SGHC,54,43,500,365.00,"182,500.00"
2026-05-18,398,2026051805010946,SGHC,54,54,10,365.00,"3,650.00"
2026-05-18,399,2026051805010886,SGHC,54,42,100,364.00,"36,400.00"
2026-05-18,400,2026051805010793,SGHC,54,25,70,364.00,"25,480.00"
2026-05-18,401,2026051805010707,SGHC,41,25,10,364.00,"3,640.00"
2026-05-18,402,2026051805010706,SGHC,41,1,10,363.50,"3,635.00"
2026-05-18,403,2026051805011046,SHIVM,51,43,30,676.80,"20,304.00"
2026-05-18,404,2026051805011018,SHIVM,82,56,429,675.10,"289,617.90"
2026-05-18,405,2026051805011017,SHIVM,26,56,30,675.20,"20,256.00"
2026-05-18,406,2026051805011016,SHIVM,33,56,10,675.30,"6,753.00"
2026-05-18,407,2026051805011015,SHIVM,80,56,200,676.10,"135,220.00"
2026-05-18,408,2026051805010805,SHIVM,37,48,200,675.00,"135,000.00"
2026-05-18,409,2026051805010660,SHIVM,80,69,"1,000",675.10,"675,100.00"
2026-05-18,410,2026051805010659,SHIVM,54,69,100,675.20,"67,520.00"
2026-05-18,411,2026051805010658,SHIVM,21,69,500,675.30,"337,650.00"
2026-05-18,412,2026051805010657,SHIVM,48,69,170,676.00,"114,920.00"
2026-05-18,413,2026051805010804,SHIVM,44,48,"1,000",675.10,"675,100.00"
2026-05-18,414,2026051805010803,SHIVM,45,48,50,675.20,"33,760.00"
2026-05-18,415,2026051805010802,SHIVM,94,48,50,676.10,"33,805.00"
2026-05-18,416,2026051805010738,SHIVM,48,48,20,676.90,"13,538.00"
2026-05-18,417,2026051805010737,SHIVM,48,54,10,676.90,"6,769.00"
2026-05-18,418,2026051805010661,SHIVM,37,69,10,675.00,"6,750.00"
2026-05-18,419,2026051805010791,SIKLES,58,59,11,591.00,"6,501.00"
2026-05-18,420,2026051805010790,SIKLES,58,92,30,591.00,"17,730.00"
2026-05-18,421,2026051805010789,SIKLES,58,58,10,590.50,"5,905.00"
2026-05-18,422,2026051805010774,SIKLES,34,65,100,590.00,"59,000.00"
2026-05-18,423,2026051805011117,SMATA,94,44,50,760.00,"38,000.00"
2026-05-18,424,2026051805010842,SMATA,58,42,20,760.00,"15,200.00"
2026-05-18,425,2026051805010798,SMATA,58,35,25,760.50,"19,012.50"
2026-05-18,426,2026051805010831,SMH,16,45,20,584.00,"11,680.00"
2026-05-18,427,2026051805010829,SMH,42,65,60,589.80,"35,388.00"
2026-05-18,428,2026051805010828,SMH,42,33,400,589.00,"235,600.00"
2026-05-18,429,2026051805010827,SMH,42,54,10,588.00,"5,880.00"
2026-05-18,430,2026051805010826,SMH,42,42,20,588.00,"11,760.00"
2026-05-18,431,2026051805010825,SMH,42,54,10,585.00,"5,850.00"
2026-05-18,432,2026051805010982,SMHL,57,39,100,495.00,"49,500.00"
2026-05-18,433,2026051805010937,SMHL,67,11,188,494.00,"92,872.00"
2026-05-18,434,2026051805010936,SMHL,16,11,112,494.00,"55,328.00"
2026-05-18,435,2026051805010935,SMHL,33,11,100,494.10,"49,410.00"
2026-05-18,436,2026051805010821,SMHL,16,13,10,494.00,"4,940.00"
2026-05-18,437,2026051805010820,SMHL,57,13,30,494.10,"14,823.00"
2026-05-18,438,2026051805010768,SMHL,57,36,10,494.10,"4,941.00"
2026-05-18,439,2026051805010976,SMJC,13,52,467,473.00,"220,891.00"
2026-05-18,440,2026051805010975,SMJC,13,52,500,472.50,"236,250.00"
2026-05-18,441,2026051805010974,SMJC,13,29,200,472.00,"94,400.00"
2026-05-18,442,2026051805010973,SMJC,13,58,10,472.00,"4,720.00"
2026-05-18,443,2026051805010972,SMJC,13,56,83,472.00,"39,176.00"
2026-05-18,444,2026051805010971,SMJC,13,45,100,472.00,"47,200.00"
2026-05-18,445,2026051805010970,SMJC,13,52,140,472.00,"66,080.00"
2026-05-18,446,2026051805010944,SMJC,75,74,100,471.10,"47,110.00"
2026-05-18,447,2026051805011045,SONA,58,6,10,439.10,"4,391.00"
2026-05-18,448,2026051805010767,SONA,36,5,190,439.20,"83,448.00"
2026-05-18,449,2026051805010968,SPC,48,52,10,451.90,"4,519.00"
2026-05-18,450,2026051805010730,SPC,22,16,30,447.10,"13,413.00"
2026-05-18,451,2026051805010729,SPC,14,16,10,447.20,"4,472.00"
2026-05-18,452,2026051805010728,SPC,58,16,50,449.00,"22,450.00"
2026-05-18,453,2026051805010727,SPC,58,16,10,450.00,"4,500.00"
2026-05-18,454,2026051805011026,SPL,53,58,10,710.00,"7,100.00"
2026-05-18,455,2026051805010643,SPL,42,92,100,700.30,"70,030.00"
2026-05-18,456,2026051805010642,SPL,56,92,50,701.00,"35,050.00"
2026-05-18,457,2026051805011116,STC,32,75,10,"5,977.90","59,779.00"
2026-05-18,458,2026051805011115,STC,32,54,20,"5,975.00","119,500.00"
2026-05-18,459,2026051805011114,STC,32,75,20,"5,974.90","119,498.00"
2026-05-18,460,2026051805011008,STC,54,32,10,"5,920.00","59,200.00"
2026-05-18,461,2026051805011007,STC,58,32,20,"5,930.00","118,600.00"
2026-05-18,462,2026051805011006,STC,49,32,10,"5,935.00","59,350.00"
2026-05-18,463,2026051805011005,STC,57,32,10,"5,936.00","59,360.00"
2026-05-18,464,2026051805010893,STC,14,56,10,"5,941.00","59,410.00"
2026-05-18,465,2026051805010865,STC,65,75,20,"5,969.90","119,398.00"
2026-05-18,466,2026051805010800,STC,65,56,20,"5,960.00","119,200.00"
2026-05-18,467,2026051805010772,STC,50,56,20,"5,960.00","119,200.00"
2026-05-18,468,2026051805010919,TAMOR,49,56,785,447.20,"351,052.00"
2026-05-18,469,2026051805010918,TAMOR,44,56,165,447.20,"73,788.00"
2026-05-18,470,2026051805010917,TAMOR,33,56,150,447.50,"67,125.00"
2026-05-18,471,2026051805010916,TAMOR,8,56,400,448.00,"179,200.00"
2026-05-18,472,2026051805011128,TPC,52,52,20,364.10,"7,282.00"
2026-05-18,473,2026051805010639,TPC,89,42,300,364.00,"109,200.00"
2026-05-18,474,2026051805010801,TPC,89,39,15,365.00,"5,475.00"
2026-05-18,475,2026051805010640,TPC,51,42,400,364.00,"145,600.00"
2026-05-18,476,2026051805010930,TPC,52,42,400,364.10,"145,640.00"
2026-05-18,477,2026051805010869,TSHL,58,57,121,584.00,"70,664.00"
2026-05-18,478,2026051805010834,TSHL,36,57,69,584.00,"40,296.00"
2026-05-18,479,2026051805010833,TSHL,42,57,20,584.10,"11,682.00"
2026-05-18,480,2026051805010965,TVCL,14,49,10,505.10,"5,051.00"
2026-05-18,481,2026051805010964,TVCL,52,49,10,505.10,"5,051.00"
2026-05-18,482,2026051805011029,UHEWA,58,13,180,566.10,"101,898.00"
2026-05-18,483,2026051805010927,UHEWA,17,45,100,567.00,"56,700.00"
2026-05-18,484,2026051805010813,UHEWA,64,45,14,567.00,"7,938.00"
2026-05-18,485,2026051805010646,UHEWA,29,45,29,567.00,"16,443.00"
2026-05-18,486,2026051805010645,UHEWA,32,45,10,567.10,"5,671.00"
2026-05-18,487,2026051805011003,ULHC,26,99,30,485.20,"14,556.00"
2026-05-18,488,2026051805011002,ULHC,74,99,40,485.30,"19,412.00"
2026-05-18,489,2026051805011001,ULHC,54,99,340,485.50,"165,070.00"
2026-05-18,490,2026051805011000,ULHC,18,99,40,486.00,"19,440.00"
2026-05-18,491,2026051805010999,ULHC,48,99,100,486.00,"48,600.00"
2026-05-18,492,2026051805010998,ULHC,57,99,20,486.30,"9,726.00"
2026-05-18,493,2026051805010997,ULHC,14,99,20,487.00,"9,740.00"
2026-05-18,494,2026051805010996,ULHC,48,99,410,487.10,"199,711.00"
2026-05-18,495,2026051805010711,ULHC,48,10,100,487.10,"48,710.00"
2026-05-18,496,2026051805010708,ULHC,56,38,10,490.00,"4,900.00"
2026-05-18,497,2026051805010683,USHEC,64,48,14,493.80,"6,913.20"
2026-05-18,498,2026051805010924,USHEC,41,59,490,492.10,"241,129.00"
2026-05-18,499,2026051805010686,VLUCL,34,35,50,489.00,"24,450.00"
2026-05-18,500,2026051805010685,VLUCL,17,35,130,490.00,"63,700.00"
2026-05-18,501,2026051805010503,AHL,89,25,72,500.00,"36,000.00"
2026-05-18,502,2026051805010372,AHL,58,56,900,500.00,"450,000.00"
2026-05-18,503,2026051805010345,AHL,40,56,40,499.00,"19,960.00"
2026-05-18,504,2026051805010300,AHL,40,42,10,499.00,"4,990.00"
2026-05-18,505,2026051805010299,AHL,58,42,125,499.00,"62,375.00"
2026-05-18,506,2026051805010298,AHL,36,42,100,499.00,"49,900.00"
2026-05-18,507,2026051805010297,AHL,36,42,10,499.00,"4,990.00"
2026-05-18,508,2026051805010296,AHL,58,42,25,499.00,"12,475.00"
2026-05-18,509,2026051805010168,AHL,89,34,50,500.00,"25,000.00"
2026-05-18,510,2026051805010390,BEDC,39,32,155,362.00,"56,110.00"
2026-05-18,511,2026051805010361,BEDC,39,45,188,362.00,"68,056.00"
2026-05-18,512,2026051805010360,BEDC,6,45,133,362.00,"48,146.00"
2026-05-18,513,2026051805010359,BEDC,35,45,60,362.50,"21,750.00"
2026-05-18,514,2026051805010358,BEDC,6,45,19,362.60,"6,889.40"
2026-05-18,515,2026051805010357,BEDC,28,45,500,362.70,"181,350.00"
2026-05-18,516,2026051805010215,BGWT,52,42,216,651.00,"140,616.00"
2026-05-18,517,2026051805010214,BGWT,47,42,60,651.00,"39,060.00"
2026-05-18,518,2026051805010582,BHDC,36,56,18,456.80,"8,222.40"
2026-05-18,519,2026051805010371,BHDC,56,56,218,456.70,"99,560.60"
2026-05-18,520,2026051805010146,BHDC,85,57,10,459.50,"4,595.00"
2026-05-18,521,2026051805010626,BHL,10,48,100,221.00,"22,100.00"
2026-05-18,522,2026051805010623,BHL,44,48,570,221.00,"125,970.00"
2026-05-18,523,2026051805010461,BHL,44,58,80,221.00,"17,680.00"
2026-05-18,524,2026051805010460,BHL,38,58,20,221.00,"4,420.00"
2026-05-18,525,2026051805010274,BHL,7,38,30,220.70,"6,621.00"
2026-05-18,526,2026051805010254,BHL,45,58,"1,391",222.00,"308,802.00"
2026-05-18,527,2026051805010204,BHL,14,48,450,220.80,"99,360.00"
2026-05-18,528,2026051805010176,BHL,32,48,50,221.00,"11,050.00"
2026-05-18,529,2026051805010175,BHL,32,13,350,221.00,"77,350.00"
2026-05-18,530,2026051805010235,BHL,45,48,879,221.00,"194,259.00"
2026-05-18,531,2026051805010234,BHL,45,51,116,220.80,"25,612.80"
2026-05-18,532,2026051805010233,BHL,42,51,200,220.80,"44,160.00"
2026-05-18,533,2026051805010232,BHL,58,51,50,220.80,"11,040.00"
2026-05-18,534,2026051805010231,BHL,14,51,37,220.80,"8,169.60"
2026-05-18,535,2026051805010205,BHL,52,48,317,221.00,"70,057.00"
2026-05-18,536,2026051805010241,BHL,45,32,500,221.90,"110,950.00"
2026-05-18,537,2026051805010240,BHL,45,62,"1,000",221.80,"221,800.00"
2026-05-18,538,2026051805010239,BHL,45,19,200,221.80,"44,360.00"
2026-05-18,539,2026051805010238,BHL,45,50,90,221.70,"19,953.00"
2026-05-18,540,2026051805010237,BHL,45,26,400,221.00,"88,400.00"
2026-05-18,541,2026051805010236,BHL,45,22,300,221.00,"66,300.00"
2026-05-18,542,2026051805010247,BHL,45,17,100,222.00,"22,200.00"
2026-05-18,543,2026051805010246,BHL,45,58,20,222.00,"4,440.00"
2026-05-18,544,2026051805010245,BHL,45,49,30,222.00,"6,660.00"
2026-05-18,545,2026051805010244,BHL,45,59,36,222.00,"7,992.00"
2026-05-18,546,2026051805010243,BHL,45,53,20,222.00,"4,440.00"
2026-05-18,547,2026051805010242,BHL,45,7,293,222.00,"65,046.00"
2026-05-18,548,2026051805010253,BHL,45,41,65,222.00,"14,430.00"
2026-05-18,549,2026051805010252,BHL,45,38,800,222.00,"177,600.00"
2026-05-18,550,2026051805010251,BHL,45,40,20,222.00,"4,440.00"
2026-05-18,551,2026051805010250,BHL,45,35,240,222.00,"53,280.00"
2026-05-18,552,2026051805010249,BHL,45,57,500,222.00,"111,000.00"
2026-05-18,553,2026051805010248,BHL,45,38,"1,000",222.00,"222,000.00"
2026-05-18,554,2026051805010453,BHPL,34,29,10,518.90,"5,189.00"
2026-05-18,555,2026051805010435,BHPL,26,29,11,518.90,"5,707.90"
2026-05-18,556,2026051805010349,BHPL,34,45,313,515.00,"161,195.00"
2026-05-18,557,2026051805010348,BHPL,32,45,187,515.00,"96,305.00"
2026-05-18,558,2026051805010389,BNHC,34,46,50,321.90,"16,095.00"
2026-05-18,559,2026051805010388,BNHC,35,46,80,322.20,"25,776.00"
2026-05-18,560,2026051805010367,BNHC,22,29,58,322.30,"18,693.40"
2026-05-18,561,2026051805010194,BNHC,47,29,40,322.30,"12,892.00"
2026-05-18,562,2026051805010581,CHDC,35,57,1,"2,254.00","2,254.00"
2026-05-18,563,2026051805010330,CHDC,42,5,10,"2,252.00","22,520.00"
2026-05-18,564,2026051805010568,CIT,44,58,1,"1,759.30","1,759.30"
2026-05-18,565,2026051805010320,CIT,16,41,100,"1,768.00","176,800.00"
2026-05-18,566,2026051805010319,CIT,16,25,200,"1,768.00","353,600.00"
2026-05-18,567,2026051805010318,CIT,16,6,10,"1,768.00","17,680.00"
2026-05-18,568,2026051805010230,CIT,16,32,14,"1,765.00","24,710.00"
2026-05-18,569,2026051805010229,CIT,16,43,15,"1,765.00","26,475.00"
2026-05-18,570,2026051805010216,CIT,16,14,15,"1,760.00","26,400.00"
2026-05-18,571,2026051805010222,CIT,16,13,70,"1,764.00","123,480.00"
2026-05-18,572,2026051805010221,CIT,16,19,12,"1,763.90","21,166.80"
2026-05-18,573,2026051805010220,CIT,16,57,20,"1,763.00","35,260.00"
2026-05-18,574,2026051805010219,CIT,16,17,21,"1,763.00","37,023.00"
2026-05-18,575,2026051805010218,CIT,16,5,239,"1,762.50","421,237.50"
2026-05-18,576,2026051805010217,CIT,16,45,15,"1,760.00","26,400.00"
2026-05-18,577,2026051805010228,CIT,16,7,50,"1,765.00","88,250.00"
2026-05-18,578,2026051805010227,CIT,16,25,10,"1,765.00","17,650.00"
2026-05-18,579,2026051805010226,CIT,16,26,47,"1,765.00","82,955.00"
2026-05-18,580,2026051805010225,CIT,16,42,50,"1,764.80","88,240.00"
2026-05-18,581,2026051805010224,CIT,16,13,50,"1,764.00","88,200.00"
2026-05-18,582,2026051805010223,CIT,16,67,10,"1,764.00","17,640.00"
2026-05-18,583,2026051805010567,CKHL,92,92,25,655.00,"16,375.00"
2026-05-18,584,2026051805010585,CLI,42,28,13,451.60,"5,870.80"
2026-05-18,585,2026051805010316,CLI,42,58,13,451.60,"5,870.80"
2026-05-18,586,2026051805010189,CLI,42,49,13,451.60,"5,870.80"
2026-05-18,587,2026051805010153,CLI,42,57,13,451.60,"5,870.80"
2026-05-18,588,2026051805010624,DOLTI,25,82,50,345.00,"17,250.00"
2026-05-18,589,2026051805010593,DOLTI,28,82,150,345.00,"51,750.00"
2026-05-18,590,2026051805010579,DOLTI,42,82,490,345.00,"169,050.00"
2026-05-18,591,2026051805010566,DOLTI,59,82,700,345.00,"241,500.00"
2026-05-18,592,2026051805010565,DOLTI,33,82,50,345.00,"17,250.00"
2026-05-18,593,2026051805010564,DOLTI,58,82,14,345.00,"4,830.00"
2026-05-18,594,2026051805010455,DOLTI,22,42,40,345.10,"13,804.00"
2026-05-18,595,2026051805010273,DOLTI,34,42,10,346.00,"3,460.00"
2026-05-18,596,2026051805010563,DOLTI,83,82,200,345.00,"69,000.00"
2026-05-18,597,2026051805010562,DOLTI,58,82,45,345.00,"15,525.00"
2026-05-18,598,2026051805010561,DOLTI,11,82,190,345.10,"65,569.00"
2026-05-18,599,2026051805010521,DOLTI,22,42,527,345.10,"181,867.70"
2026-05-18,600,2026051805010485,DOLTI,62,42,213,345.10,"73,506.30"
2026-05-18,601,2026051805010456,DOLTI,29,42,200,345.10,"69,020.00"
2026-05-18,602,2026051805010625,DORDI,4,32,540,271.50,"146,610.00"
2026-05-18,603,2026051805010578,DORDI,4,58,30,271.00,"8,130.00"
2026-05-18,604,2026051805010527,DORDI,14,58,60,271.00,"16,260.00"
2026-05-18,605,2026051805010526,DORDI,50,58,10,271.00,"2,710.00"
2026-05-18,606,2026051805010501,DORDI,50,14,50,271.00,"13,550.00"
2026-05-18,607,2026051805010340,DORDI,40,52,500,271.00,"135,500.00"
2026-05-18,608,2026051805010267,DORDI,6,13,20,270.10,"5,402.00"
2026-05-18,609,2026051805010266,DORDI,59,13,30,270.30,"8,109.00"
2026-05-18,610,2026051805010183,DORDI,52,14,60,271.00,"16,260.00"
2026-05-18,611,2026051805010182,DORDI,52,4,40,271.00,"10,840.00"
2026-05-18,612,2026051805010145,DORDI,59,71,70,270.30,"18,921.00"
2026-05-18,613,2026051805010482,EHPL,25,1,47,382.00,"17,954.00"
2026-05-18,614,2026051805010479,EHPL,58,65,16,380.80,"6,092.80"
2026-05-18,615,2026051805010309,ENL,42,26,85,861.00,"73,185.00"
2026-05-18,616,2026051805010308,ENL,32,26,30,861.50,"25,845.00"
2026-05-18,617,2026051805010264,ENL,42,26,115,862.00,"99,130.00"
2026-05-18,618,2026051805010263,ENL,39,26,10,862.10,"8,621.00"
2026-05-18,619,2026051805010262,ENL,25,26,10,862.20,"8,622.00"
2026-05-18,620,2026051805010261,ENL,44,26,50,862.30,"43,115.00"
2026-05-18,621,2026051805010154,GCIL,45,49,12,413.50,"4,962.00"
2026-05-18,622,2026051805010342,GCIL,7,34,12,413.60,"4,963.20"
2026-05-18,623,2026051805010591,GVL,39,56,"3,800",489.00,"1,858,200.00"
2026-05-18,624,2026051805010590,GVL,58,56,20,490.00,"9,800.00"
2026-05-18,625,2026051805010589,GVL,39,56,423,490.00,"207,270.00"
2026-05-18,626,2026051805010588,GVL,6,56,989,490.10,"484,708.90"
2026-05-18,627,2026051805010587,GVL,21,56,500,491.00,"245,500.00"
2026-05-18,628,2026051805010586,GVL,58,56,193,491.00,"94,763.00"
2026-05-18,629,2026051805010196,GVL,57,41,100,491.10,"49,110.00"
2026-05-18,630,2026051805010486,HATHY,49,14,10,781.60,"7,816.00"
2026-05-18,631,2026051805010465,HATHY,72,50,113,780.00,"88,140.00"
2026-05-18,632,2026051805010464,HATHY,72,47,50,780.00,"39,000.00"
2026-05-18,633,2026051805010463,HATHY,72,57,27,780.00,"21,060.00"
2026-05-18,634,2026051805010462,HATHY,72,35,10,780.00,"7,800.00"
2026-05-18,635,2026051805010387,HATHY,32,35,190,780.00,"148,200.00"
2026-05-18,636,2026051805010386,HATHY,32,45,10,779.00,"7,790.00"
2026-05-18,637,2026051805010344,HATHY,34,58,87,777.90,"67,677.30"
2026-05-18,638,2026051805010580,HDL,38,56,50,"1,154.00","57,700.00"
2026-05-18,639,2026051805010576,HDL,51,42,10,"1,153.60","11,536.00"
2026-05-18,640,2026051805010569,HDL,11,56,30,"1,154.00","34,620.00"
2026-05-18,641,2026051805010528,HDL,58,56,60,"1,154.00","69,240.00"
2026-05-18,642,2026051805010502,HDL,51,58,10,"1,153.60","11,536.00"
2026-05-18,643,2026051805010148,HDL,57,56,45,"1,154.00","51,930.00"
2026-05-18,644,2026051805010339,HDL,7,56,42,"1,154.00","48,468.00"
2026-05-18,645,2026051805010338,HDL,35,56,161,"1,154.00","185,794.00"
2026-05-18,646,2026051805010282,HDL,35,47,30,"1,154.00","34,620.00"
2026-05-18,647,2026051805010281,HDL,22,47,10,"1,154.00","11,540.00"
2026-05-18,648,2026051805010213,HDL,22,64,10,"1,154.00","11,540.00"
2026-05-18,649,2026051805010481,HDL,34,56,40,"1,154.00","46,160.00"
2026-05-18,650,2026051805010409,HDL,65,56,100,"1,154.00","115,400.00"
2026-05-18,651,2026051805010394,HHL,49,57,161,366.00,"58,926.00"
2026-05-18,652,2026051805010180,HHL,49,49,339,366.00,"124,074.00"
2026-05-18,653,2026051805010179,HHL,29,49,"1,421",366.10,"520,228.10"
2026-05-18,654,2026051805010178,HHL,62,49,250,366.20,"91,550.00"
2026-05-18,655,2026051805010177,HHL,60,49,490,366.20,"179,438.00"
2026-05-18,656,2026051805010171,HHL,60,21,10,366.20,"3,662.00"
2026-05-18,657,2026051805010628,HIDCL,26,54,40,268.50,"10,740.00"
2026-05-18,658,2026051805010627,HIDCL,26,49,66,268.50,"17,721.00"
2026-05-18,659,2026051805010619,HIDCL,48,41,50,268.40,"13,420.00"
2026-05-18,660,2026051805010431,HIDCL,52,44,180,268.10,"48,258.00"
2026-05-18,661,2026051805010430,HIDCL,16,44,10,268.40,"2,684.00"
2026-05-18,662,2026051805010429,HIDCL,57,44,10,268.40,"2,684.00"
2026-05-18,663,2026051805010408,HIDCL,57,67,25,268.40,"6,710.00"
2026-05-18,664,2026051805010337,HIDCL,57,67,15,268.40,"4,026.00"
2026-05-18,665,2026051805010577,HRL,54,62,21,636.10,"13,358.10"
2026-05-18,666,2026051805010436,HRL,75,58,10,636.00,"6,360.00"
2026-05-18,667,2026051805010433,HRL,10,45,20,637.00,"12,740.00"
2026-05-18,668,2026051805010432,HRL,10,34,180,637.00,"114,660.00"
2026-05-18,669,2026051805010427,HRL,75,22,418,636.00,"265,848.00"
2026-05-18,670,2026051805010426,HRL,62,22,92,636.10,"58,521.20"
2026-05-18,671,2026051805010207,HRL,42,45,50,637.00,"31,850.00"
2026-05-18,672,2026051805010206,HRL,42,63,14,637.00,"8,918.00"
2026-05-18,673,2026051805010186,HRL,74,94,10,636.00,"6,360.00"
2026-05-18,674,2026051805010150,HRL,50,4,22,636.00,"13,992.00"
2026-05-18,675,2026051805010212,HRL,42,41,10,638.00,"6,380.00"
2026-05-18,676,2026051805010211,HRL,42,25,100,638.00,"63,800.00"
2026-05-18,677,2026051805010210,HRL,42,45,10,638.00,"6,380.00"
2026-05-18,678,2026051805010209,HRL,42,41,100,637.00,"63,700.00"
2026-05-18,679,2026051805010208,HRL,42,47,10,637.00,"6,370.00"
2026-05-18,680,2026051805010317,HRL,75,21,71,636.00,"45,156.00"
2026-05-18,681,2026051805010302,HRL,75,22,90,636.00,"57,240.00"
2026-05-18,682,2026051805010301,HRL,74,22,90,636.00,"57,240.00"
2026-05-18,683,2026051805010268,HRL,74,13,100,636.00,"63,600.00"
2026-05-18,684,2026051805010425,HRL,62,34,108,636.10,"68,698.80"
2026-05-18,685,2026051805010377,HRL,75,43,200,636.00,"127,200.00"
2026-05-18,686,2026051805010370,HRL,51,34,10,637.00,"6,370.00"
2026-05-18,687,2026051805010353,HRL,75,62,56,636.00,"35,616.00"
2026-05-18,688,2026051805010422,IHL,10,5,4,437.00,"1,748.00"
2026-05-18,689,2026051805010421,IHL,10,43,10,437.00,"4,370.00"
2026-05-18,690,2026051805010329,IHL,36,5,30,437.00,"13,110.00"
2026-05-18,691,2026051805010307,IHL,89,5,16,437.00,"6,992.00"
2026-05-18,692,2026051805010306,IHL,89,50,10,437.00,"4,370.00"
2026-05-18,693,2026051805010188,IHL,89,25,44,436.00,"19,184.00"
2026-05-18,694,2026051805010144,IHL,89,52,20,436.00,"8,720.00"
2026-05-18,695,2026051805010419,ILI,58,16,22,435.00,"9,570.00"
2026-05-18,696,2026051805010385,ILI,25,16,10,435.00,"4,350.00"
2026-05-18,697,2026051805010384,ILI,25,58,10,435.00,"4,350.00"
2026-05-18,698,2026051805010383,ILI,25,38,30,435.00,"13,050.00"
2026-05-18,699,2026051805010290,ILI,45,38,10,435.00,"4,350.00"
2026-05-18,700,2026051805010276,ILI,58,28,12,434.80,"5,217.60"
2026-05-18,701,2026051805010187,ILI,58,21,12,434.80,"5,217.60"
2026-05-18,702,2026051805010283,KEF,89,57,800,10.83,"8,664.00"
2026-05-18,703,2026051805010161,KEF,89,35,200,10.73,"2,146.00"
2026-05-18,704,2026051805010354,MAKAR,36,35,10,494.00,"4,940.00"
2026-05-18,705,2026051805010191,MAKAR,5,32,"1,000",495.00,"495,000.00"
2026-05-18,706,2026051805010621,MBJC,32,22,10,283.50,"2,835.00"
2026-05-18,707,2026051805010524,MBJC,40,14,280,280.40,"78,512.00"
2026-05-18,708,2026051805010523,MBJC,44,14,180,280.50,"50,490.00"
2026-05-18,709,2026051805010522,MBJC,21,14,40,281.00,"11,240.00"
2026-05-18,710,2026051805010470,MCHL,45,49,10,309.00,"3,090.00"
2026-05-18,711,2026051805010410,MCHL,36,34,385,311.00,"119,735.00"
2026-05-18,712,2026051805010202,MEL,48,21,10,234.00,"2,340.00"
2026-05-18,713,2026051805010256,MEL,48,49,10,234.00,"2,340.00"
2026-05-18,714,2026051805010259,MEL,58,52,40,235.00,"9,400.00"
2026-05-18,715,2026051805010258,MEL,58,35,460,235.00,"108,100.00"
2026-05-18,716,2026051805010401,MEL,41,52,25,235.00,"5,875.00"
2026-05-18,717,2026051805010393,MEL,41,52,25,235.00,"5,875.00"
2026-05-18,718,2026051805010366,MHCL,52,22,385,348.00,"133,980.00"
2026-05-18,719,2026051805010365,MHCL,58,22,50,348.00,"17,400.00"
2026-05-18,720,2026051805010364,MHCL,38,22,100,348.00,"34,800.00"
2026-05-18,721,2026051805010363,MHCL,71,22,100,348.10,"34,810.00"
2026-05-18,722,2026051805010362,MHCL,32,22,30,348.10,"10,443.00"
2026-05-18,723,2026051805010347,MKHC,45,45,10,321.00,"3,210.00"
2026-05-18,724,2026051805010484,MKHL,17,92,45,517.60,"23,292.00"
2026-05-18,725,2026051805010398,MSHL,45,33,45,685.00,"30,825.00"
2026-05-18,726,2026051805010592,NIBSF2,34,35,181,9.50,"1,719.50"
2026-05-18,727,2026051805010413,NICSF,40,59,100,9.25,925.00
2026-05-18,728,2026051805010323,NICSF,62,51,500,9.01,"4,505.00"
2026-05-18,729,2026051805010636,NIFRA,16,16,442,263.00,"116,246.00"
2026-05-18,730,2026051805010635,NIFRA,16,35,100,263.00,"26,300.00"
2026-05-18,731,2026051805010634,NIFRA,16,14,84,263.00,"22,092.00"
2026-05-18,732,2026051805010633,NIFRA,16,50,174,263.00,"45,762.00"
2026-05-18,733,2026051805010411,NIFRA,28,42,54,262.50,"14,175.00"
2026-05-18,734,2026051805010255,NIFRA,22,1,17,262.20,"4,457.40"
2026-05-18,735,2026051805010158,NIFRA,28,50,26,263.00,"6,838.00"
2026-05-18,736,2026051805010157,NIFRA,28,58,20,263.00,"5,260.00"
2026-05-18,737,2026051805010156,NIFRA,28,41,20,263.00,"5,260.00"
2026-05-18,738,2026051805010155,NIFRA,28,43,34,263.00,"8,942.00"
2026-05-18,739,2026051805010638,NRIC,7,14,60,888.20,"53,292.00"
2026-05-18,740,2026051805010407,NRIC,4,17,100,888.00,"88,800.00"
2026-05-18,741,2026051805010397,NRIC,1,42,21,887.50,"18,637.50"
2026-05-18,742,2026051805010396,NRIC,39,42,14,887.50,"12,425.00"
2026-05-18,743,2026051805010167,NRIC,25,14,100,889.90,"88,990.00"
2026-05-18,744,2026051805010305,NRIC,39,14,16,887.50,"14,200.00"
2026-05-18,745,2026051805010304,NRIC,42,14,10,890.00,"8,900.00"
2026-05-18,746,2026051805010272,NRIC,22,72,10,891.00,"8,910.00"
2026-05-18,747,2026051805010193,NRIC,42,38,50,890.00,"44,500.00"
2026-05-18,748,2026051805010192,NRIC,42,101,190,890.00,"169,100.00"
2026-05-18,749,2026051805010622,NRM,39,34,500,351.00,"175,500.00"
2026-05-18,750,2026051805010491,NRM,60,58,420,350.10,"147,042.00"
2026-05-18,751,2026051805010490,NRM,49,58,70,350.20,"24,514.00"
2026-05-18,752,2026051805010489,NRM,58,58,170,350.20,"59,534.00"
2026-05-18,753,2026051805010488,NRM,48,58,20,350.30,"7,006.00"
2026-05-18,754,2026051805010487,NRM,22,58,20,350.40,"7,008.00"
2026-05-18,755,2026051805010269,NRM,48,58,10,350.30,"3,503.00"
2026-05-18,756,2026051805010583,NRN,58,58,50,"1,353.00","67,650.00"
2026-05-18,757,2026051805010151,NRN,45,45,79,"1,355.00","107,045.00"
2026-05-18,758,2026051805010376,NRN,29,52,50,"1,353.00","67,650.00"
2026-05-18,759,2026051805010375,NRN,43,52,20,"1,353.00","27,060.00"
2026-05-18,760,2026051805010374,NRN,32,52,10,"1,353.00","13,530.00"
2026-05-18,761,2026051805010373,NRN,18,52,10,"1,353.00","13,530.00"
2026-05-18,762,2026051805010303,NSIF2,19,38,100,10.66,"1,066.00"
2026-05-18,763,2026051805010617,NTC,75,1,10,893.00,"8,930.00"
2026-05-18,764,2026051805010520,NTC,75,58,180,893.00,"160,740.00"
2026-05-18,765,2026051805010519,NTC,58,58,18,893.50,"16,083.00"
2026-05-18,766,2026051805010518,NTC,49,58,22,893.50,"19,657.00"
2026-05-18,767,2026051805010517,NTC,6,58,100,893.50,"89,350.00"
2026-05-18,768,2026051805010458,NTC,4,42,20,893.80,"17,876.00"
2026-05-18,769,2026051805010457,NTC,4,49,10,893.80,"8,938.00"
2026-05-18,770,2026051805010181,NYADI,99,58,40,385.00,"15,400.00"
2026-05-18,771,2026051805010558,PHCL,45,34,305,304.00,"92,720.00"
2026-05-18,772,2026051805010557,PHCL,41,34,100,304.00,"30,400.00"
2026-05-18,773,2026051805010556,PHCL,48,34,"1,000",304.00,"304,000.00"
2026-05-18,774,2026051805010555,PHCL,70,34,"1,000",304.00,"304,000.00"
2026-05-18,775,2026051805010554,PHCL,41,34,300,304.00,"91,200.00"
2026-05-18,776,2026051805010553,PHCL,58,34,100,304.10,"30,410.00"
2026-05-18,777,2026051805010452,PHCL,17,22,250,307.00,"76,750.00"
2026-05-18,778,2026051805010451,PHCL,17,45,10,307.00,"3,070.00"
2026-05-18,779,2026051805010450,PHCL,17,34,480,306.00,"146,880.00"
2026-05-18,780,2026051805010326,PHCL,38,34,20,306.00,"6,120.00"
2026-05-18,781,2026051805010325,PHCL,38,38,10,306.00,"3,060.00"
2026-05-18,782,2026051805010324,PHCL,38,34,20,306.00,"6,120.00"
2026-05-18,783,2026051805010534,PHCL,58,34,99,305.00,"30,195.00"
2026-05-18,784,2026051805010533,PHCL,85,34,327,305.00,"99,735.00"
2026-05-18,785,2026051805010532,PHCL,8,34,100,305.50,"30,550.00"
2026-05-18,786,2026051805010531,PHCL,58,34,30,305.50,"9,165.00"
2026-05-18,787,2026051805010530,PHCL,52,34,923,305.60,"282,068.80"
2026-05-18,788,2026051805010529,PHCL,17,34,10,307.00,"3,070.00"
2026-05-18,789,2026051805010540,PHCL,41,34,100,305.00,"30,500.00"
2026-05-18,790,2026051805010539,PHCL,58,34,82,305.00,"25,010.00"
2026-05-18,791,2026051805010538,PHCL,21,34,100,305.00,"30,500.00"
2026-05-18,792,2026051805010537,PHCL,57,34,100,305.00,"30,500.00"
2026-05-18,793,2026051805010536,PHCL,49,34,100,305.00,"30,500.00"
2026-05-18,794,2026051805010535,PHCL,58,34,50,305.00,"15,250.00"
2026-05-18,795,2026051805010546,PHCL,35,34,40,304.70,"12,188.00"
2026-05-18,796,2026051805010545,PHCL,49,34,200,304.70,"60,940.00"
2026-05-18,797,2026051805010544,PHCL,58,34,20,304.80,"6,096.00"
2026-05-18,798,2026051805010543,PHCL,17,34,850,305.00,"259,250.00"
2026-05-18,799,2026051805010542,PHCL,34,34,100,305.00,"30,500.00"
2026-05-18,800,2026051805010541,PHCL,50,34,300,305.00,"91,500.00"
2026-05-18,801,2026051805010552,PHCL,48,34,"1,000",304.30,"304,300.00"
2026-05-18,802,2026051805010551,PHCL,39,34,394,304.30,"119,894.20"
2026-05-18,803,2026051805010550,PHCL,80,34,50,304.40,"15,220.00"
2026-05-18,804,2026051805010549,PHCL,58,34,20,304.40,"6,088.00"
2026-05-18,805,2026051805010548,PHCL,58,34,100,304.50,"30,450.00"
2026-05-18,806,2026051805010547,PHCL,49,34,100,304.60,"30,460.00"
2026-05-18,807,2026051805010257,PPL,49,21,10,345.00,"3,450.00"
2026-05-18,808,2026051805010525,RFPL,85,32,"2,000",369.20,"738,400.00"
2026-05-18,809,2026051805010147,RFPL,5,28,150,370.00,"55,500.00"
2026-05-18,810,2026051805010516,RHGCL,52,56,187,288.30,"53,912.10"
2026-05-18,811,2026051805010515,RHGCL,58,56,20,288.40,"5,768.00"
2026-05-18,812,2026051805010514,RHGCL,25,56,100,288.40,"28,840.00"
2026-05-18,813,2026051805010513,RHGCL,41,56,10,288.40,"2,884.00"
2026-05-18,814,2026051805010512,RHGCL,52,56,100,288.50,"28,850.00"
2026-05-18,815,2026051805010511,RHGCL,25,56,12,288.50,"3,462.00"
2026-05-18,816,2026051805010141,RHGCL,41,45,10,288.60,"2,886.00"
2026-05-18,817,2026051805010140,RHGCL,41,45,10,288.70,"2,887.00"
2026-05-18,818,2026051805010199,RHGCL,36,45,500,289.90,"144,950.00"
2026-05-18,819,2026051805010198,RHGCL,36,45,100,289.80,"28,980.00"
2026-05-18,820,2026051805010197,RHGCL,36,41,90,289.00,"26,010.00"
2026-05-18,821,2026051805010173,RHGCL,36,45,170,288.40,"49,028.00"
2026-05-18,822,2026051805010149,RHGCL,49,19,10,288.40,"2,884.00"
2026-05-18,823,2026051805010142,RHGCL,58,45,30,288.50,"8,655.00"
2026-05-18,824,2026051805010399,RHGCL,42,68,58,290.00,"16,820.00"
2026-05-18,825,2026051805010322,RHGCL,25,45,88,288.50,"25,388.00"
2026-05-18,826,2026051805010321,RHGCL,36,45,12,289.00,"3,468.00"
2026-05-18,827,2026051805010293,RHGCL,36,54,10,289.00,"2,890.00"
2026-05-18,828,2026051805010201,RHGCL,36,68,120,290.00,"34,800.00"
2026-05-18,829,2026051805010200,RHGCL,36,79,20,290.00,"5,800.00"
2026-05-18,830,2026051805010355,RMF1,20,51,500,9.80,"4,900.00"
2026-05-18,831,2026051805010265,RNLI,19,21,12,457.90,"5,494.80"
2026-05-18,832,2026051805010341,SAGF,46,38,100,10.30,"1,030.00"
2026-05-18,833,2026051805010615,SAHAS,1,66,200,665.00,"133,000.00"
2026-05-18,834,2026051805010614,SAHAS,22,66,140,665.00,"93,100.00"
2026-05-18,835,2026051805010613,SAHAS,19,66,20,665.00,"13,300.00"
2026-05-18,836,2026051805010612,SAHAS,45,66,200,665.00,"133,000.00"
2026-05-18,837,2026051805010611,SAHAS,25,66,150,665.00,"99,750.00"
2026-05-18,838,2026051805010610,SAHAS,45,66,50,665.00,"33,250.00"
2026-05-18,839,2026051805010287,SAHAS,25,64,306,668.00,"204,408.00"
2026-05-18,840,2026051805010286,SAHAS,25,19,500,668.00,"334,000.00"
2026-05-18,841,2026051805010285,SAHAS,25,84,13,668.00,"8,684.00"
2026-05-18,842,2026051805010284,SAHAS,25,58,100,667.90,"66,790.00"
2026-05-18,843,2026051805010378,SAHAS,45,19,20,667.20,"13,344.00"
2026-05-18,844,2026051805010346,SAHAS,42,59,500,667.90,"333,950.00"
2026-05-18,845,2026051805010310,SAHAS,58,59,40,667.90,"26,716.00"
2026-05-18,846,2026051805010295,SAHAS,58,57,586,668.00,"391,448.00"
2026-05-18,847,2026051805010289,SAHAS,25,57,68,668.00,"45,424.00"
2026-05-18,848,2026051805010288,SAHAS,25,34,13,668.00,"8,684.00"
2026-05-18,849,2026051805010438,SAHAS,81,66,179,667.00,"119,393.00"
2026-05-18,850,2026051805010437,SAHAS,32,59,940,667.90,"627,826.00"
2026-05-18,851,2026051805010420,SAHAS,19,59,20,667.90,"13,358.00"
2026-05-18,852,2026051805010400,SAHAS,81,58,20,667.00,"13,340.00"
2026-05-18,853,2026051805010380,SAHAS,81,19,210,667.00,"140,070.00"
2026-05-18,854,2026051805010379,SAHAS,58,19,10,667.10,"6,671.00"
2026-05-18,855,2026051805010444,SAHAS,53,66,100,666.30,"66,630.00"
2026-05-18,856,2026051805010443,SAHAS,6,66,75,666.50,"49,987.50"
2026-05-18,857,2026051805010442,SAHAS,21,66,160,667.00,"106,720.00"
2026-05-18,858,2026051805010441,SAHAS,19,66,"1,700",667.00,"1,133,900.00"
2026-05-18,859,2026051805010440,SAHAS,59,66,100,667.00,"66,700.00"
2026-05-18,860,2026051805010439,SAHAS,29,66,100,667.00,"66,700.00"
2026-05-18,861,2026051805010492,SAHAS,32,25,100,667.00,"66,700.00"
2026-05-18,862,2026051805010449,SAHAS,62,66,39,666.10,"25,977.90"
2026-05-18,863,2026051805010448,SAHAS,52,66,300,666.10,"199,830.00"
2026-05-18,864,2026051805010447,SAHAS,45,66,20,666.10,"13,322.00"
2026-05-18,865,2026051805010446,SAHAS,21,66,200,666.20,"133,240.00"
2026-05-18,866,2026051805010445,SAHAS,45,66,27,666.30,"17,990.10"
2026-05-18,867,2026051805010498,SAHAS,32,58,39,668.00,"26,052.00"
2026-05-18,868,2026051805010497,SAHAS,32,35,370,668.00,"247,160.00"
2026-05-18,869,2026051805010496,SAHAS,32,58,50,668.00,"33,400.00"
2026-05-18,870,2026051805010495,SAHAS,32,45,30,668.00,"20,040.00"
2026-05-18,871,2026051805010494,SAHAS,32,4,13,668.00,"8,684.00"
2026-05-18,872,2026051805010493,SAHAS,32,57,"1,214",668.00,"810,952.00"
2026-05-18,873,2026051805010507,SAHAS,19,66,20,666.00,"13,320.00"
2026-05-18,874,2026051805010506,SAHAS,22,66,200,666.00,"133,200.00"
2026-05-18,875,2026051805010505,SAHAS,40,66,"1,000",666.00,"666,000.00"
2026-05-18,876,2026051805010504,SAHAS,62,66,13,666.10,"8,659.30"
2026-05-18,877,2026051805010500,SAHAS,32,57,10,668.00,"6,680.00"
2026-05-18,878,2026051805010499,SAHAS,32,49,50,668.00,"33,400.00"
2026-05-18,879,2026051805010573,SAHAS,32,1,11,667.50,"7,342.50"
2026-05-18,880,2026051805010572,SAHAS,32,8,165,667.00,"110,055.00"
2026-05-18,881,2026051805010571,SAHAS,32,3,100,667.00,"66,700.00"
2026-05-18,882,2026051805010510,SAHAS,57,66,467,666.00,"311,022.00"
2026-05-18,883,2026051805010509,SAHAS,50,66,200,666.00,"133,200.00"
2026-05-18,884,2026051805010508,SAHAS,11,66,100,666.00,"66,600.00"
2026-05-18,885,2026051805010597,SAHAS,57,66,30,665.50,"19,965.00"
2026-05-18,886,2026051805010596,SAHAS,18,66,694,665.70,"461,995.80"
2026-05-18,887,2026051805010595,SAHAS,48,66,18,665.80,"11,984.40"
2026-05-18,888,2026051805010594,SAHAS,57,66,33,666.00,"21,978.00"
2026-05-18,889,2026051805010575,SAHAS,32,58,28,668.00,"18,704.00"
2026-05-18,890,2026051805010574,SAHAS,32,57,100,668.00,"66,800.00"
2026-05-18,891,2026051805010603,SAHAS,49,66,37,665.00,"24,605.00"
2026-05-18,892,2026051805010602,SAHAS,45,66,50,665.00,"33,250.00"
2026-05-18,893,2026051805010601,SAHAS,58,66,100,665.00,"66,500.00"
2026-05-18,894,2026051805010600,SAHAS,43,66,50,665.00,"33,250.00"
2026-05-18,895,2026051805010599,SAHAS,41,66,100,665.00,"66,500.00"
2026-05-18,896,2026051805010598,SAHAS,38,66,"1,223",665.00,"813,295.00"
2026-05-18,897,2026051805010609,SAHAS,17,66,19,665.00,"12,635.00"
2026-05-18,898,2026051805010608,SAHAS,58,66,36,665.00,"23,940.00"
2026-05-18,899,2026051805010607,SAHAS,66,66,500,665.00,"332,500.00"
2026-05-18,900,2026051805010606,SAHAS,52,66,448,665.00,"297,920.00"
2026-05-18,901,2026051805010605,SAHAS,17,66,10,665.00,"6,650.00"
2026-05-18,902,2026051805010604,SAHAS,58,66,23,665.00,"15,295.00"
2026-05-18,903,2026051805010629,SANVI,42,45,30,679.00,"20,370.00"
2026-05-18,904,2026051805010454,SANVI,38,45,10,679.00,"6,790.00"
2026-05-18,905,2026051805010334,SANVI,34,45,30,677.00,"20,310.00"
2026-05-18,906,2026051805010333,SANVI,45,45,25,677.00,"16,925.00"
2026-05-18,907,2026051805010332,SANVI,47,45,115,677.10,"77,866.50"
2026-05-18,908,2026051805010331,SANVI,90,45,30,678.00,"20,340.00"
2026-05-18,909,2026051805010271,SANVI,58,91,170,680.00,"115,600.00"
2026-05-18,910,2026051805010270,SANVI,58,45,30,679.90,"20,397.00"
2026-05-18,911,2026051805010185,SANVI,42,36,15,678.00,"10,170.00"
2026-05-18,912,2026051805010343,SGHC,58,58,50,363.10,"18,155.00"
2026-05-18,913,2026051805010632,SHIVM,48,42,70,676.00,"47,320.00"
2026-05-18,914,2026051805010631,SHIVM,48,49,50,676.00,"33,800.00"
2026-05-18,915,2026051805010630,SHIVM,48,42,10,676.00,"6,760.00"
2026-05-18,916,2026051805010480,SHIVM,37,41,30,675.00,"20,250.00"
2026-05-18,917,2026051805010418,SHIVM,37,49,"1,135",675.00,"766,125.00"
2026-05-18,918,2026051805010417,SHIVM,62,49,100,675.00,"67,500.00"
2026-05-18,919,2026051805010160,SHIVM,16,43,396,675.00,"267,300.00"
2026-05-18,920,2026051805010159,SHIVM,16,21,43,674.90,"29,020.70"
2026-05-18,921,2026051805010278,SHIVM,22,42,185,676.00,"125,060.00"
2026-05-18,922,2026051805010277,SHIVM,22,42,80,675.50,"54,040.00"
2026-05-18,923,2026051805010260,SHIVM,42,42,20,675.50,"13,510.00"
2026-05-18,924,2026051805010195,SHIVM,53,42,90,675.00,"60,750.00"
2026-05-18,925,2026051805010190,SHIVM,58,42,10,675.00,"6,750.00"
2026-05-18,926,2026051805010174,SHIVM,21,88,50,674.70,"33,735.00"
2026-05-18,927,2026051805010416,SHIVM,57,49,265,675.00,"178,875.00"
2026-05-18,928,2026051805010392,SHIVM,57,32,235,675.00,"158,625.00"
2026-05-18,929,2026051805010391,SHIVM,36,32,300,675.10,"202,530.00"
2026-05-18,930,2026051805010328,SHIVM,53,5,60,675.00,"40,500.00"
2026-05-18,931,2026051805010327,SHIVM,1,5,190,675.10,"128,269.00"
2026-05-18,932,2026051805010279,SHIVM,22,42,90,676.00,"60,840.00"
2026-05-18,933,2026051805010483,SIGS2,41,49,"1,520",10.45,"15,884.00"
2026-05-18,934,2026051805010423,SIKLES,34,50,10,590.00,"5,900.00"
2026-05-18,935,2026051805010403,SIKLES,34,41,100,590.00,"59,000.00"
2026-05-18,936,2026051805010139,SIKLES,34,57,10,590.00,"5,900.00"
2026-05-18,937,2026051805010559,SLCF,42,51,500,9.95,"4,975.00"
2026-05-18,938,2026051805010415,SMATA,58,58,12,760.00,"9,120.00"
2026-05-18,939,2026051805010414,SMATA,58,44,12,760.00,"9,120.00"
2026-05-18,940,2026051805010637,SMH,94,45,19,585.00,"11,115.00"
2026-05-18,941,2026051805010478,SMH,94,46,131,585.00,"76,635.00"
2026-05-18,942,2026051805010477,SMH,36,46,700,585.00,"409,500.00"
2026-05-18,943,2026051805010382,SMH,36,32,127,585.00,"74,295.00"
2026-05-18,944,2026051805010381,SMH,16,32,173,585.10,"101,222.30"
2026-05-18,945,2026051805010620,SMHL,16,62,55,494.00,"27,170.00"
2026-05-18,946,2026051805010395,SMHL,16,48,468,494.00,"231,192.00"
2026-05-18,947,2026051805010468,SMJC,35,52,360,472.00,"169,920.00"
2026-05-18,948,2026051805010467,SMJC,35,42,10,472.00,"4,720.00"
2026-05-18,949,2026051805010466,SMJC,35,45,60,472.00,"28,320.00"
2026-05-18,950,2026051805010369,SMJC,75,99,"1,000",471.10,"471,100.00"
2026-05-18,951,2026051805010335,SMJC,17,45,40,472.00,"18,880.00"
2026-05-18,952,2026051805010184,SMJC,35,51,34,472.00,"16,048.00"
2026-05-18,953,2026051805010170,SMJC,38,91,388,471.30,"182,864.40"
2026-05-18,954,2026051805010169,SMJC,19,91,116,471.30,"54,670.80"
2026-05-18,955,2026051805010584,SONA,36,45,10,439.20,"4,392.00"
2026-05-18,956,2026051805010473,SONA,56,57,365,439.00,"160,235.00"
2026-05-18,957,2026051805010472,SONA,10,57,100,439.10,"43,910.00"
2026-05-18,958,2026051805010471,SONA,57,57,35,439.10,"15,368.50"
2026-05-18,959,2026051805010424,SONA,57,38,10,439.10,"4,391.00"
2026-05-18,960,2026051805010292,SONA,57,7,25,439.10,"10,977.50"
2026-05-18,961,2026051805010291,SONA,25,7,70,439.10,"30,737.00"
2026-05-18,962,2026051805010143,SONA,25,21,10,439.10,"4,391.00"
2026-05-18,963,2026051805010280,SPC,14,21,10,447.20,"4,472.00"
2026-05-18,964,2026051805010406,SPHL,57,52,30,499.20,"14,976.00"
2026-05-18,965,2026051805010405,SPHL,49,52,500,499.30,"249,650.00"
2026-05-18,966,2026051805010404,SPHL,49,52,470,499.30,"234,671.00"
2026-05-18,967,2026051805010315,SPHL,49,59,30,499.30,"14,979.00"
2026-05-18,968,2026051805010314,SPHL,57,59,100,499.30,"49,930.00"
2026-05-18,969,2026051805010313,SPHL,57,59,100,499.30,"49,930.00"
2026-05-18,970,2026051805010312,SPHL,40,59,40,499.30,"19,972.00"
2026-05-18,971,2026051805010311,SPHL,34,59,30,499.40,"14,982.00"
2026-05-18,972,2026051805010368,STC,65,56,10,"5,960.00","59,600.00"
2026-05-18,973,2026051805010172,STC,50,56,20,"5,950.00","119,000.00"
2026-05-18,974,2026051805010476,TAMOR,52,32,100,448.00,"44,800.00"
2026-05-18,975,2026051805010475,TAMOR,52,32,400,448.00,"179,200.00"
2026-05-18,976,2026051805010474,TAMOR,49,32,100,448.10,"44,810.00"
2026-05-18,977,2026051805010428,TAMOR,49,34,200,448.10,"89,620.00"
2026-05-18,978,2026051805010356,TAMOR,49,45,400,448.10,"179,240.00"
2026-05-18,979,2026051805010352,TAMOR,66,32,40,450.00,"18,000.00"
2026-05-18,980,2026051805010351,TAMOR,66,32,50,449.00,"22,450.00"
2026-05-18,981,2026051805010350,TAMOR,66,49,100,449.00,"44,900.00"
2026-05-18,982,2026051805010275,TAMOR,49,26,100,448.10,"44,810.00"
2026-05-18,983,2026051805010618,TPC,89,45,100,364.00,"36,400.00"
2026-05-18,984,2026051805010570,TPC,89,39,50,365.00,"18,250.00"
2026-05-18,985,2026051805010434,TPC,58,39,20,365.00,"7,300.00"
2026-05-18,986,2026051805010402,TPC,89,96,100,364.00,"36,400.00"
2026-05-18,987,2026051805010336,TPC,69,39,10,365.00,"3,650.00"
2026-05-18,988,2026051805010166,TSHL,50,57,105,585.10,"61,435.50"
2026-05-18,989,2026051805010165,TSHL,28,57,70,585.30,"40,971.00"
2026-05-18,990,2026051805010164,TSHL,42,57,79,585.40,"46,246.60"
2026-05-18,991,2026051805010163,TSHL,6,57,20,585.50,"11,710.00"
2026-05-18,992,2026051805010162,TSHL,32,57,16,585.60,"9,369.60"
2026-05-18,993,2026051805010459,UHEWA,49,57,10,567.00,"5,670.00"
2026-05-18,994,2026051805010616,ULHC,56,58,28,488.00,"13,664.00"
2026-05-18,995,2026051805010294,ULHC,56,37,70,487.00,"34,090.00"
2026-05-18,996,2026051805010152,ULHC,56,51,10,487.00,"4,870.00"
2026-05-18,997,2026051805010469,USHEC,49,36,10,492.00,"4,920.00"
2026-05-18,998,2026051805010412,USHEC,41,36,200,492.00,"98,400.00"
2026-05-18,999,2026051805010203,USHEC,16,36,790,492.00,"388,680.00"
2026-05-18,1000,2026051805010560,VLUCL,17,74,100,490.00,"49,000.00"
2026-05-18,1001,2026051805009927,AHL,38,74,63,505.00,"31,815.00"
2026-05-18,1002,2026051805009765,BBC,74,14,10,"4,805.00","48,050.00"
2026-05-18,1003,2026051805009787,BEDC,51,35,245,364.10,"89,204.50"
2026-05-18,1004,2026051805009654,BEDC,51,34,200,364.10,"72,820.00"
2026-05-18,1005,2026051805009826,BEDC,17,35,26,364.00,"9,464.00"
2026-05-18,1006,2026051805009728,BGWT,58,47,12,655.00,"7,860.00"
2026-05-18,1007,2026051805009799,BGWT,57,47,80,650.00,"52,000.00"
2026-05-18,1008,2026051805009749,BGWT,19,47,22,650.20,"14,304.40"
2026-05-18,1009,2026051805009732,BGWT,19,47,78,650.20,"50,715.60"
2026-05-18,1010,2026051805009731,BGWT,42,47,490,651.00,"318,990.00"
2026-05-18,1011,2026051805009730,BGWT,51,47,10,652.00,"6,520.00"
2026-05-18,1012,2026051805009729,BGWT,94,47,10,655.00,"6,550.00"
2026-05-18,1013,2026051805009805,BGWT,42,47,100,650.00,"65,000.00"
2026-05-18,1014,2026051805009804,BGWT,58,47,50,650.00,"32,500.00"
2026-05-18,1015,2026051805009803,BGWT,45,47,100,650.00,"65,000.00"
2026-05-18,1016,2026051805009802,BGWT,45,47,10,650.00,"6,500.00"
2026-05-18,1017,2026051805009801,BGWT,25,47,200,650.00,"130,000.00"
2026-05-18,1018,2026051805009800,BGWT,33,47,50,650.00,"32,500.00"
2026-05-18,1019,2026051805009820,BGWT,68,47,24,650.00,"15,600.00"
2026-05-18,1020,2026051805009810,BGWT,68,47,20,650.00,"13,000.00"
2026-05-18,1021,2026051805009809,BGWT,43,47,80,650.00,"52,000.00"
2026-05-18,1022,2026051805009808,BGWT,40,47,50,650.00,"32,500.00"
2026-05-18,1023,2026051805009807,BGWT,45,47,50,650.00,"32,500.00"
2026-05-18,1024,2026051805009806,BGWT,5,47,10,650.00,"6,500.00"
2026-05-18,1025,2026051805010099,BHDC,14,57,19,459.50,"8,730.50"
2026-05-18,1026,2026051805010098,BHDC,14,61,71,459.00,"32,589.00"
2026-05-18,1027,2026051805010097,BHDC,14,49,10,459.00,"4,590.00"
2026-05-18,1028,2026051805010096,BHDC,14,57,50,459.00,"22,950.00"
2026-05-18,1029,2026051805010095,BHDC,14,57,50,458.90,"22,945.00"
2026-05-18,1030,2026051805009988,BHL,14,42,50,220.80,"11,040.00"
2026-05-18,1031,2026051805009951,BHL,14,46,463,220.80,"102,230.40"
2026-05-18,1032,2026051805009950,BHL,14,46,287,220.80,"63,369.60"
2026-05-18,1033,2026051805009938,BHL,54,7,50,221.00,"11,050.00"
2026-05-18,1034,2026051805009867,BHL,14,57,"1,475",220.80,"325,680.00"
2026-05-18,1035,2026051805009866,BHL,3,57,25,220.90,"5,522.50"
2026-05-18,1036,2026051805009780,BHL,36,7,300,221.00,"66,300.00"
2026-05-18,1037,2026051805009738,BHL,14,7,150,221.00,"33,150.00"
2026-05-18,1038,2026051805009737,BHL,14,57,350,221.00,"77,350.00"
2026-05-18,1039,2026051805009736,BHL,14,39,100,220.90,"22,090.00"
2026-05-18,1040,2026051805009721,BHL,14,42,"1,834",220.80,"404,947.20"
2026-05-18,1041,2026051805009747,BHPL,34,29,10,521.50,"5,215.00"
2026-05-18,1042,2026051805009715,BHPL,32,43,13,515.00,"6,695.00"
2026-05-18,1043,2026051805009714,BHPL,42,43,65,515.00,"33,475.00"
2026-05-18,1044,2026051805009713,BHPL,56,43,170,515.00,"87,550.00"
2026-05-18,1045,2026051805009712,BHPL,47,43,20,515.00,"10,300.00"
2026-05-18,1046,2026051805009711,BHPL,58,43,11,515.00,"5,665.00"
2026-05-18,1047,2026051805009710,BHPL,95,43,100,515.20,"51,520.00"
2026-05-18,1048,2026051805009709,BHPL,49,43,24,515.20,"12,364.80"
2026-05-18,1049,2026051805009708,BHPL,16,43,60,515.30,"30,918.00"
2026-05-18,1050,2026051805009707,BHPL,32,43,37,515.40,"19,069.80"
2026-05-18,1051,2026051805009741,BNHC,11,29,10,322.40,"3,224.00"
2026-05-18,1052,2026051805009768,CHDC,91,96,31,"2,265.00","70,215.00"
2026-05-18,1053,2026051805009760,CHDC,91,34,159,"2,265.00","360,135.00"
2026-05-18,1054,2026051805009759,CHDC,91,58,12,"2,265.00","27,180.00"
2026-05-18,1055,2026051805009758,CHDC,91,41,100,"2,264.00","226,400.00"
2026-05-18,1056,2026051805009757,CHDC,91,45,98,"2,263.90","221,862.20"
2026-05-18,1057,2026051805010017,CIT,58,14,17,"1,760.00","29,920.00"
2026-05-18,1058,2026051805009865,CIT,14,7,65,"1,759.20","114,348.00"
2026-05-18,1059,2026051805009889,CLI,35,35,13,451.40,"5,868.20"
2026-05-18,1060,2026051805009704,DOLTI,52,38,300,345.00,"103,500.00"
2026-05-18,1061,2026051805009703,DOLTI,34,38,55,345.00,"18,975.00"
2026-05-18,1062,2026051805009702,DOLTI,35,38,100,345.00,"34,500.00"
2026-05-18,1063,2026051805009701,DOLTI,41,38,10,345.00,"3,450.00"
2026-05-18,1064,2026051805009700,DOLTI,41,38,50,345.00,"17,250.00"
2026-05-18,1065,2026051805009699,DOLTI,6,38,122,345.00,"42,090.00"
2026-05-18,1066,2026051805009698,DOLTI,14,38,40,345.10,"13,804.00"
2026-05-18,1067,2026051805009697,DOLTI,29,38,100,346.00,"34,600.00"
2026-05-18,1068,2026051805009696,DOLTI,39,38,214,346.00,"74,044.00"
2026-05-18,1069,2026051805009677,DOLTI,39,57,20,346.00,"6,920.00"
2026-05-18,1070,2026051805009639,DOLTI,39,38,55,346.00,"19,030.00"
2026-05-18,1071,2026051805009776,DORDI,59,14,100,271.00,"27,100.00"
2026-05-18,1072,2026051805009775,DORDI,20,14,50,271.00,"13,550.00"
2026-05-18,1073,2026051805009774,DORDI,58,14,20,271.00,"5,420.00"
2026-05-18,1074,2026051805009773,DORDI,48,14,100,271.00,"27,100.00"
2026-05-18,1075,2026051805009772,DORDI,53,14,125,271.00,"33,875.00"
2026-05-18,1076,2026051805009705,DORDI,53,56,140,271.00,"37,940.00"
2026-05-18,1077,2026051805010052,EHPL,58,6,10,380.60,"3,806.00"
2026-05-18,1078,2026051805009771,ENL,39,47,20,862.00,"17,240.00"
2026-05-18,1079,2026051805009748,GCIL,45,11,200,413.50,"82,700.00"
2026-05-18,1080,2026051805009727,GCIL,58,17,100,413.70,"41,370.00"
2026-05-18,1081,2026051805009827,GCIL,45,17,150,413.50,"62,025.00"
2026-05-18,1082,2026051805010008,GCIL,45,42,12,413.50,"4,962.00"
2026-05-18,1083,2026051805010007,GCIL,25,42,10,413.60,"4,136.00"
2026-05-18,1084,2026051805010083,GVL,58,81,24,491.00,"11,784.00"
2026-05-18,1085,2026051805010071,GVL,58,81,46,491.00,"22,586.00"
2026-05-18,1086,2026051805009934,GVL,28,39,60,494.00,"29,640.00"
2026-05-18,1087,2026051805009933,GVL,28,19,30,494.00,"14,820.00"
2026-05-18,1088,2026051805009932,GVL,28,54,10,493.00,"4,930.00"
2026-05-18,1089,2026051805009675,GVL,58,58,323,491.00,"158,593.00"
2026-05-18,1090,2026051805009987,HATHY,22,45,10,779.00,"7,790.00"
2026-05-18,1091,2026051805009890,HATHY,58,58,17,777.10,"13,210.70"
2026-05-18,1092,2026051805009761,HATHY,34,25,10,779.00,"7,790.00"
2026-05-18,1093,2026051805009694,HATHY,59,58,33,780.00,"25,740.00"
2026-05-18,1094,2026051805009662,HATHY,34,45,62,779.00,"48,298.00"
2026-05-18,1095,2026051805009657,HATHY,57,49,3,756.00,"2,268.00"
2026-05-18,1096,2026051805010086,HDL,13,56,25,"1,154.00","28,850.00"
2026-05-18,1097,2026051805010084,HDL,7,49,18,"1,153.70","20,766.60"
2026-05-18,1098,2026051805009783,HDL,38,56,100,"1,154.00","115,400.00"
2026-05-18,1099,2026051805009782,HDL,56,56,20,"1,154.00","23,080.00"
2026-05-18,1100,2026051805009781,HDL,56,56,104,"1,154.00","120,016.00"
2026-05-18,1101,2026051805009844,HDL,7,56,70,"1,154.00","80,780.00"
2026-05-18,1102,2026051805009817,HDL,38,56,86,"1,154.00","99,244.00"
2026-05-18,1103,2026051805010015,HDL,57,56,50,"1,154.00","57,700.00"
2026-05-18,1104,2026051805009921,HDL,28,17,86,"1,153.50","99,201.00"
2026-05-18,1105,2026051805009920,HDL,57,17,14,"1,153.50","16,149.00"
2026-05-18,1106,2026051805009915,HDL,57,17,36,"1,153.50","41,526.00"
2026-05-18,1107,2026051805009984,HHL,29,34,180,366.10,"65,898.00"
2026-05-18,1108,2026051805009971,HHL,29,89,399,366.10,"146,073.90"
2026-05-18,1109,2026051805009970,HHL,4,89,"2,700",366.10,"988,470.00"
2026-05-18,1110,2026051805009969,HHL,50,89,400,366.30,"146,520.00"
2026-05-18,1111,2026051805009968,HHL,58,89,559,367.00,"205,153.00"
2026-05-18,1112,2026051805009967,HHL,66,89,400,367.10,"146,840.00"
2026-05-18,1113,2026051805009966,HHL,58,89,20,367.10,"7,342.00"
2026-05-18,1114,2026051805009965,HHL,44,89,50,367.20,"18,360.00"
2026-05-18,1115,2026051805009825,HHL,58,89,30,368.00,"11,040.00"
2026-05-18,1116,2026051805009824,HHL,45,89,200,368.00,"73,600.00"
2026-05-18,1117,2026051805009823,HHL,58,89,10,368.00,"3,680.00"
2026-05-18,1118,2026051805009822,HHL,45,89,127,368.00,"46,736.00"
2026-05-18,1119,2026051805010026,HIDCL,32,49,10,268.50,"2,685.00"
2026-05-18,1120,2026051805009998,HIDCL,16,52,600,268.00,"160,800.00"
2026-05-18,1121,2026051805009923,HIDCL,16,47,13,268.00,"3,484.00"
2026-05-18,1122,2026051805009922,HIDCL,16,47,18,268.00,"4,824.00"
2026-05-18,1123,2026051805009813,HIDCL,32,67,10,268.80,"2,688.00"
2026-05-18,1124,2026051805009678,HIDCL,16,67,50,268.00,"13,400.00"
2026-05-18,1125,2026051805010091,HRL,40,4,50,636.00,"31,800.00"
2026-05-18,1126,2026051805010090,HRL,58,4,28,636.00,"17,808.00"
2026-05-18,1127,2026051805010043,HRL,51,63,79,637.00,"50,323.00"
2026-05-18,1128,2026051805009649,HRL,58,34,32,636.00,"20,352.00"
2026-05-18,1129,2026051805009744,HRL,26,34,10,636.00,"6,360.00"
2026-05-18,1130,2026051805009716,HRL,26,38,10,636.00,"6,360.00"
2026-05-18,1131,2026051805009652,HRL,17,42,6,636.00,"3,816.00"
2026-05-18,1132,2026051805009651,HRL,17,3,10,636.00,"6,360.00"
2026-05-18,1133,2026051805009914,HRL,51,46,21,635.60,"13,347.60"
2026-05-18,1134,2026051805009881,HRL,51,57,21,636.00,"13,356.00"
2026-05-18,1135,2026051805009846,HRL,35,57,19,636.00,"12,084.00"
2026-05-18,1136,2026051805009828,HRL,58,57,10,636.00,"6,360.00"
2026-05-18,1137,2026051805009798,HRL,58,57,40,636.00,"25,440.00"
2026-05-18,1138,2026051805010012,HRL,58,58,32,636.00,"20,352.00"
2026-05-18,1139,2026051805010011,HRL,58,28,10,636.00,"6,360.00"
2026-05-18,1140,2026051805010010,HRL,58,57,80,636.00,"50,880.00"
2026-05-18,1141,2026051805009983,HRL,13,57,20,636.00,"12,720.00"
2026-05-18,1142,2026051805009931,HRL,17,51,1,620.00,620.00
2026-05-18,1143,2026051805009919,HRL,49,57,10,636.00,"6,360.00"
2026-05-18,1144,2026051805010130,IHL,58,26,10,436.90,"4,369.00"
2026-05-18,1145,2026051805010126,IHL,36,19,45,436.90,"19,660.50"
2026-05-18,1146,2026051805010100,IHL,89,52,30,436.00,"13,080.00"
2026-05-18,1147,2026051805010062,IHL,89,59,490,435.90,"213,591.00"
2026-05-18,1148,2026051805010044,IHL,58,59,10,435.90,"4,359.00"
2026-05-18,1149,2026051805010037,IHL,10,35,10,435.00,"4,350.00"
2026-05-18,1150,2026051805009717,IHL,44,14,32,432.00,"13,824.00"
2026-05-18,1151,2026051805009689,IHL,58,90,10,434.90,"4,349.00"
2026-05-18,1152,2026051805009683,IHL,44,34,10,432.00,"4,320.00"
2026-05-18,1153,2026051805009937,IHL,89,49,10,432.00,"4,320.00"
2026-05-18,1154,2026051805009892,IHL,89,41,80,432.00,"34,560.00"
2026-05-18,1155,2026051805009891,IHL,58,41,20,432.00,"8,640.00"
2026-05-18,1156,2026051805009719,IHL,75,14,358,431.10,"154,333.80"
2026-05-18,1157,2026051805009718,IHL,65,14,10,431.20,"4,312.00"
2026-05-18,1158,2026051805009997,IHL,10,34,10,435.00,"4,350.00"
2026-05-18,1159,2026051805009996,IHL,10,11,200,435.00,"87,000.00"
2026-05-18,1160,2026051805009995,IHL,10,90,90,434.90,"39,141.00"
2026-05-18,1161,2026051805009994,IHL,10,41,100,434.00,"43,400.00"
2026-05-18,1162,2026051805009993,IHL,10,52,50,434.00,"21,700.00"
2026-05-18,1163,2026051805009992,IHL,10,19,26,434.00,"11,284.00"
2026-05-18,1164,2026051805010131,ILI,58,41,12,434.80,"5,217.60"
2026-05-18,1165,2026051805010009,ILI,58,58,12,434.80,"5,217.60"
2026-05-18,1166,2026051805009882,ILI,17,49,12,434.70,"5,216.40"
2026-05-18,1167,2026051805009734,ILI,39,49,2,434.80,869.60
2026-05-18,1168,2026051805009733,ILI,39,34,12,434.80,"5,217.60"
2026-05-18,1169,2026051805009650,ILI,39,49,12,434.80,"5,217.60"
2026-05-18,1170,2026051805009935,KEF,58,32,"5,100",10.73,"54,723.00"
2026-05-18,1171,2026051805009886,KEF,35,32,200,10.74,"2,148.00"
2026-05-18,1172,2026051805009778,KEF,35,75,500,10.74,"5,370.00"
2026-05-18,1173,2026051805009743,KEF,89,32,"8,600",10.80,"92,880.00"
2026-05-18,1174,2026051805009679,LUK,54,49,100,9.96,996.00
2026-05-18,1175,2026051805009893,MAKAR,41,38,10,495.70,"4,957.00"
2026-05-18,1176,2026051805009873,MAKAR,21,49,60,495.60,"29,736.00"
2026-05-18,1177,2026051805009816,MAKAR,34,49,190,495.60,"94,164.00"
2026-05-18,1178,2026051805009977,MANDU,65,58,10,815.00,"8,150.00"
2026-05-18,1179,2026051805009929,MBJC,32,14,10,284.00,"2,840.00"
2026-05-18,1180,2026051805009902,MBJC,44,88,220,280.30,"61,666.00"
2026-05-18,1181,2026051805009901,MBJC,41,88,400,280.40,"112,160.00"
2026-05-18,1182,2026051805009900,MBJC,10,88,100,280.50,"28,050.00"
2026-05-18,1183,2026051805009899,MBJC,58,88,180,281.00,"50,580.00"
2026-05-18,1184,2026051805009898,MBJC,42,88,50,281.00,"14,050.00"
2026-05-18,1185,2026051805009897,MBJC,19,88,30,281.10,"8,433.00"
2026-05-18,1186,2026051805009896,MBJC,19,88,20,281.10,"5,622.00"
2026-05-18,1187,2026051805009895,MBJC,40,88,50,281.10,"14,055.00"
2026-05-18,1188,2026051805009835,MBJC,32,14,10,284.00,"2,840.00"
2026-05-18,1189,2026051805009834,MBJC,32,58,10,282.20,"2,822.00"
2026-05-18,1190,2026051805009686,MBJC,40,49,10,281.10,"2,811.00"
2026-05-18,1191,2026051805010077,MCHL,36,45,78,315.30,"24,593.40"
2026-05-18,1192,2026051805010076,MCHL,36,34,125,315.10,"39,387.50"
2026-05-18,1193,2026051805010075,MCHL,36,90,120,315.10,"37,812.00"
2026-05-18,1194,2026051805010074,MCHL,36,3,10,312.00,"3,120.00"
2026-05-18,1195,2026051805010073,MCHL,36,49,10,310.00,"3,100.00"
2026-05-18,1196,2026051805010072,MCHL,36,56,40,310.00,"12,400.00"
2026-05-18,1197,2026051805009871,MEHL,85,26,10,377.90,"3,779.00"
2026-05-18,1198,2026051805009784,MEHL,42,51,10,374.30,"3,743.00"
2026-05-18,1199,2026051805009770,MEHL,42,34,372,374.30,"139,239.60"
2026-05-18,1200,2026051805009769,MEHL,35,34,70,375.00,"26,250.00"
2026-05-18,1201,2026051805009739,MEHL,35,38,10,375.00,"3,750.00"
2026-05-18,1202,2026051805010064,MEL,44,35,40,235.00,"9,400.00"
2026-05-18,1203,2026051805010063,MEL,44,35,110,235.00,"25,850.00"
2026-05-18,1204,2026051805010050,MEL,48,47,10,234.00,"2,340.00"
2026-05-18,1205,2026051805009751,MEL,48,34,10,234.00,"2,340.00"
2026-05-18,1206,2026051805009746,MEL,48,38,10,234.00,"2,340.00"
2026-05-18,1207,2026051805009880,MEL,48,58,10,234.00,"2,340.00"
2026-05-18,1208,2026051805010041,MHCL,11,41,10,351.00,"3,510.00"
2026-05-18,1209,2026051805009845,MHCL,22,52,10,350.00,"3,500.00"
2026-05-18,1210,2026051805010061,MHL,22,6,61,492.10,"30,018.10"
2026-05-18,1211,2026051805010060,MHL,26,6,200,492.10,"98,420.00"
2026-05-18,1212,2026051805010059,MHL,22,6,200,492.20,"98,440.00"
2026-05-18,1213,2026051805010058,MHL,58,6,20,494.00,"9,880.00"
2026-05-18,1214,2026051805010057,MHL,22,6,140,494.60,"69,244.00"
2026-05-18,1215,2026051805010056,MHL,50,6,120,495.00,"59,400.00"
2026-05-18,1216,2026051805009874,MHL,42,50,10,496.00,"4,960.00"
2026-05-18,1217,2026051805009766,MKHC,58,34,10,315.30,"3,153.00"
2026-05-18,1218,2026051805009972,MKHL,26,53,75,525.00,"39,375.00"
2026-05-18,1219,2026051805009676,MMF1,48,42,200,9.50,"1,900.00"
2026-05-18,1220,2026051805009648,MMF1,48,11,750,9.45,"7,087.50"
2026-05-18,1221,2026051805010032,MMKJL,14,51,480,490.00,"235,200.00"
2026-05-18,1222,2026051805009750,MSHL,56,59,10,687.00,"6,870.00"
2026-05-18,1223,2026051805010006,NBF3,76,34,100,9.90,990.00
2026-05-18,1224,2026051805010092,NIBSF2,34,51,500,9.50,"4,750.00"
2026-05-18,1225,2026051805009659,NIBSF2,34,7,100,9.50,950.00
2026-05-18,1226,2026051805010123,NIFRA,29,43,100,263.00,"26,300.00"
2026-05-18,1227,2026051805010088,NIFRA,48,19,30,262.10,"7,863.00"
2026-05-18,1228,2026051805010078,NIFRA,22,43,30,263.00,"7,890.00"
2026-05-18,1229,2026051805010035,NIFRA,48,47,31,262.10,"8,125.10"
2026-05-18,1230,2026051805010034,NIFRA,22,47,15,262.20,"3,933.00"
2026-05-18,1231,2026051805010033,NIFRA,45,47,18,262.40,"4,723.20"
2026-05-18,1232,2026051805009764,NIFRA,7,58,10,262.20,"2,622.00"
2026-05-18,1233,2026051805009742,NIFRA,7,38,54,262.20,"14,158.80"
2026-05-18,1234,2026051805009722,NIFRA,7,49,54,262.20,"14,158.80"
2026-05-18,1235,2026051805009688,NIFRA,52,21,34,262.30,"8,918.20"
2026-05-18,1236,2026051805009956,NIFRA,45,57,12,262.40,"3,148.80"
2026-05-18,1237,2026051805009945,NIFRA,7,46,64,262.20,"16,780.80"
2026-05-18,1238,2026051805009943,NIFRA,7,51,17,262.20,"4,457.40"
2026-05-18,1239,2026051805009942,NIFRA,21,51,47,262.30,"12,328.10"
2026-05-18,1240,2026051805009879,NIFRA,6,21,30,262.30,"7,869.00"
2026-05-18,1241,2026051805009790,NIFRA,7,34,54,262.20,"14,158.80"
2026-05-18,1242,2026051805009955,NRIC,54,17,33,887.30,"29,280.90"
2026-05-18,1243,2026051805009954,NRIC,45,17,17,888.00,"15,096.00"
2026-05-18,1244,2026051805009944,NRIC,22,58,200,889.00,"177,800.00"
2026-05-18,1245,2026051805009887,NRIC,29,42,50,888.00,"44,400.00"
2026-05-18,1246,2026051805009658,NRIC,45,22,3,885.00,"2,655.00"
2026-05-18,1247,2026051805010029,NRM,58,42,30,350.20,"10,506.00"
2026-05-18,1248,2026051805010028,NRM,58,42,10,350.20,"3,502.00"
2026-05-18,1249,2026051805009918,NRM,60,42,20,350.10,"7,002.00"
2026-05-18,1250,2026051805009917,NRM,57,42,388,350.10,"135,838.80"
2026-05-18,1251,2026051805009916,NRM,28,42,70,350.20,"24,514.00"
2026-05-18,1252,2026051805009878,NRM,28,42,10,350.20,"3,502.00"
2026-05-18,1253,2026051805009821,NRM,28,34,10,350.20,"3,502.00"
2026-05-18,1254,2026051805009706,NRM,28,1,10,350.20,"3,502.00"
2026-05-18,1255,2026051805010138,NRN,45,92,21,"1,355.00","28,455.00"
2026-05-18,1256,2026051805010132,NRN,64,92,100,"1,355.00","135,500.00"
2026-05-18,1257,2026051805010124,NRN,58,92,100,"1,355.00","135,500.00"
2026-05-18,1258,2026051805010085,NRN,52,94,15,"1,353.00","20,295.00"
2026-05-18,1259,2026051805009693,NRN,58,49,300,"1,355.00","406,500.00"
2026-05-18,1260,2026051805009692,NRN,21,49,300,"1,356.00","406,800.00"
2026-05-18,1261,2026051805009691,NRN,58,49,10,"1,356.00","13,560.00"
2026-05-18,1262,2026051805009740,NRN,52,49,15,"1,353.00","20,295.00"
2026-05-18,1263,2026051805009837,NRN,50,38,1,"1,350.00","1,350.00"
2026-05-18,1264,2026051805009831,NRN,20,62,10,"1,357.00","13,570.00"
2026-05-18,1265,2026051805009830,NRN,20,49,390,"1,355.00","528,450.00"
2026-05-18,1266,2026051805010081,NRN,35,92,15,"1,355.00","20,325.00"
2026-05-18,1267,2026051805010055,NRN,36,92,200,"1,355.00","271,000.00"
2026-05-18,1268,2026051805010039,NRN,29,92,15,"1,355.00","20,325.00"
2026-05-18,1269,2026051805010038,NRN,85,92,49,"1,355.20","66,404.80"
2026-05-18,1270,2026051805010031,NRN,85,45,11,"1,355.20","14,907.20"
2026-05-18,1271,2026051805010018,NRN,85,39,40,"1,355.20","54,208.00"
2026-05-18,1272,2026051805010027,NSIF2,19,38,100,10.66,"1,066.00"
2026-05-18,1273,2026051805010065,NTC,11,49,10,893.80,"8,938.00"
2026-05-18,1274,2026051805010042,NTC,6,52,10,893.50,"8,935.00"
2026-05-18,1275,2026051805009883,NTC,75,88,100,893.00,"89,300.00"
2026-05-18,1276,2026051805009674,NTC,75,45,60,893.00,"53,580.00"
2026-05-18,1277,2026051805009673,NTC,75,51,20,893.00,"17,860.00"
2026-05-18,1278,2026051805009672,NTC,75,53,10,893.00,"8,930.00"
2026-05-18,1279,2026051805009665,NTC,75,25,10,892.00,"8,920.00"
2026-05-18,1280,2026051805009664,NTC,75,45,100,892.00,"89,200.00"
2026-05-18,1281,2026051805009663,NTC,75,42,45,892.00,"40,140.00"
2026-05-18,1282,2026051805009671,NTC,75,32,100,893.00,"89,300.00"
2026-05-18,1283,2026051805009670,NTC,75,32,20,893.00,"17,860.00"
2026-05-18,1284,2026051805009669,NTC,75,38,232,893.00,"207,176.00"
2026-05-18,1285,2026051805009668,NTC,75,5,20,893.00,"17,860.00"
2026-05-18,1286,2026051805009667,NTC,75,53,50,893.00,"44,650.00"
2026-05-18,1287,2026051805009666,NTC,75,88,23,893.00,"20,539.00"
2026-05-18,1288,2026051805009797,NYADI,51,58,40,385.00,"15,400.00"
2026-05-18,1289,2026051805009796,NYADI,51,43,10,385.00,"3,850.00"
2026-05-18,1290,2026051805009795,NYADI,51,49,10,385.00,"3,850.00"
2026-05-18,1291,2026051805009794,NYADI,51,42,10,385.00,"3,850.00"
2026-05-18,1292,2026051805009793,NYADI,51,49,10,385.00,"3,850.00"
2026-05-18,1293,2026051805009792,NYADI,51,59,10,385.00,"3,850.00"
2026-05-18,1294,2026051805009791,NYADI,51,32,10,384.90,"3,849.00"
2026-05-18,1295,2026051805009753,NYADI,99,6,10,383.80,"3,838.00"
2026-05-18,1296,2026051805009964,PHCL,58,51,10,305.50,"3,055.00"
2026-05-18,1297,2026051805009953,PHCL,58,41,10,305.50,"3,055.00"
2026-05-18,1298,2026051805009863,PHCL,52,58,52,305.30,"15,875.60"
2026-05-18,1299,2026051805009862,PHCL,34,58,10,305.40,"3,054.00"
2026-05-18,1300,2026051805009788,PHCL,52,11,25,305.30,"7,632.50"
2026-05-18,1301,2026051805009847,PPL,45,34,15,343.60,"5,154.00"
2026-05-18,1302,2026051805009645,PPL,45,43,127,343.60,"43,637.20"
2026-05-18,1303,2026051805009644,PPL,56,43,10,343.70,"3,437.00"
2026-05-18,1304,2026051805009643,PPL,74,43,830,343.90,"285,437.00"
2026-05-18,1305,2026051805009642,PPL,42,43,300,344.00,"103,200.00"
2026-05-18,1306,2026051805009641,PPL,34,43,35,344.00,"12,040.00"
2026-05-18,1307,2026051805009640,PPL,48,43,100,344.10,"34,410.00"
2026-05-18,1308,2026051805009829,PSF,22,75,500,12.07,"6,035.00"
2026-05-18,1309,2026051805010137,RAWA,89,11,40,578.00,"23,120.00"
2026-05-18,1310,2026051805010136,RAWA,10,11,100,581.00,"58,100.00"
2026-05-18,1311,2026051805010135,RAWA,11,11,100,581.10,"58,110.00"
2026-05-18,1312,2026051805010134,RAWA,51,11,10,582.10,"5,821.00"
2026-05-18,1313,2026051805010133,RAWA,11,11,50,582.10,"29,105.00"
2026-05-18,1314,2026051805010094,RFPL,58,28,100,370.00,"37,000.00"
2026-05-18,1315,2026051805010000,RFPL,70,35,120,370.00,"44,400.00"
2026-05-18,1316,2026051805009990,RFPL,84,58,10,369.00,"3,690.00"
2026-05-18,1317,2026051805009735,RFPL,84,59,100,369.00,"36,900.00"
2026-05-18,1318,2026051805009695,RFPL,84,45,10,369.00,"3,690.00"
2026-05-18,1319,2026051805009985,RHGCL,49,52,100,289.00,"28,900.00"
2026-05-18,1320,2026051805009656,RHGCL,41,45,10,289.00,"2,890.00"
2026-05-18,1321,2026051805009655,RHGCL,42,45,20,289.00,"5,780.00"
2026-05-18,1322,2026051805010040,RNLI,77,32,1,455.00,455.00
2026-05-18,1323,2026051805009646,RNLI,56,46,12,458.00,"5,496.00"
2026-05-18,1324,2026051805009991,RNLI,77,34,1,444.30,444.30
2026-05-18,1325,2026051805009958,RNLI,77,45,1,445.00,445.00
2026-05-18,1326,2026051805009903,RNLI,100,34,12,457.80,"5,493.60"
2026-05-18,1327,2026051805009872,RNLI,34,51,30,458.00,"13,740.00"
2026-05-18,1328,2026051805009812,RNLI,56,51,200,458.00,"91,600.00"
2026-05-18,1329,2026051805010119,SAHAS,81,58,100,667.00,"66,700.00"
2026-05-18,1330,2026051805010118,SAHAS,81,56,300,667.00,"200,100.00"
2026-05-18,1331,2026051805010117,SAHAS,81,45,13,667.00,"8,671.00"
2026-05-18,1332,2026051805010116,SAHAS,81,42,605,667.00,"403,535.00"
2026-05-18,1333,2026051805010115,SAHAS,81,45,100,667.00,"66,700.00"
2026-05-18,1334,2026051805010114,SAHAS,81,91,13,667.00,"8,671.00"
2026-05-18,1335,2026051805009819,SAHAS,58,74,200,666.10,"133,220.00"
2026-05-18,1336,2026051805009752,SAHAS,25,42,200,666.00,"133,200.00"
2026-05-18,1337,2026051805009745,SAHAS,25,34,100,666.00,"66,600.00"
2026-05-18,1338,2026051805009682,SAHAS,18,19,500,665.70,"332,850.00"
2026-05-18,1339,2026051805009660,SAHAS,48,17,250,666.00,"166,500.00"
2026-05-18,1340,2026051805009653,SAHAS,48,11,13,666.00,"8,658.00"
2026-05-18,1341,2026051805009850,SAHAS,86,74,200,666.40,"133,280.00"
2026-05-18,1342,2026051805009849,SAHAS,86,74,200,666.30,"133,260.00"
2026-05-18,1343,2026051805009848,SAHAS,86,74,140,666.20,"93,268.00"
2026-05-18,1344,2026051805009836,SAHAS,58,62,30,666.10,"19,983.00"
2026-05-18,1345,2026051805009833,SAHAS,45,74,10,666.20,"6,662.00"
2026-05-18,1346,2026051805009832,SAHAS,58,74,50,666.20,"33,310.00"
2026-05-18,1347,2026051805009957,SAHAS,58,34,13,666.20,"8,660.60"
2026-05-18,1348,2026051805009941,SAHAS,28,57,45,666.80,"30,006.00"
2026-05-18,1349,2026051805009940,SAHAS,28,8,205,666.80,"136,694.00"
2026-05-18,1350,2026051805009939,SAHAS,28,74,200,666.70,"133,340.00"
2026-05-18,1351,2026051805009852,SAHAS,86,8,400,666.80,"266,720.00"
2026-05-18,1352,2026051805009851,SAHAS,86,49,60,666.50,"39,990.00"
2026-05-18,1353,2026051805010002,SAHAS,25,45,57,666.90,"38,013.30"
2026-05-18,1354,2026051805010001,SAHAS,58,51,13,666.80,"8,668.40"
2026-05-18,1355,2026051805009986,SAHAS,62,58,5,665.10,"3,325.50"
2026-05-18,1356,2026051805009979,SAHAS,62,45,20,666.90,"13,338.00"
2026-05-18,1357,2026051805009978,SAHAS,62,57,55,666.80,"36,674.00"
2026-05-18,1358,2026051805009976,SAHAS,58,17,84,666.10,"55,952.40"
2026-05-18,1359,2026051805010051,SAHAS,45,32,3,665.50,"1,996.50"
2026-05-18,1360,2026051805010030,SAHAS,35,38,150,666.80,"100,020.00"
2026-05-18,1361,2026051805010019,SAHAS,58,38,24,666.80,"16,003.20"
2026-05-18,1362,2026051805010005,SAHAS,25,64,85,666.90,"56,686.50"
2026-05-18,1363,2026051805010004,SAHAS,25,58,308,666.90,"205,405.20"
2026-05-18,1364,2026051805010003,SAHAS,25,1,50,666.90,"33,345.00"
2026-05-18,1365,2026051805010087,SAHAS,58,49,50,666.80,"33,340.00"
2026-05-18,1366,2026051805010080,SAHAS,48,17,15,667.00,"10,005.00"
2026-05-18,1367,2026051805010079,SAHAS,48,64,35,666.90,"23,341.50"
2026-05-18,1368,2026051805010070,SAHAS,45,41,3,665.70,"1,997.10"
2026-05-18,1369,2026051805010069,SAHAS,53,64,380,666.90,"253,422.00"
2026-05-18,1370,2026051805010068,SAHAS,53,38,120,666.80,"80,016.00"
2026-05-18,1371,2026051805010107,SAHAS,81,49,261,667.00,"174,087.00"
2026-05-18,1372,2026051805010106,SAHAS,81,49,261,667.00,"174,087.00"
2026-05-18,1373,2026051805010105,SAHAS,81,19,20,667.00,"13,340.00"
2026-05-18,1374,2026051805010104,SAHAS,81,49,100,667.00,"66,700.00"
2026-05-18,1375,2026051805010103,SAHAS,81,17,759,667.00,"506,253.00"
2026-05-18,1376,2026051805010101,SAHAS,58,17,50,666.80,"33,340.00"
2026-05-18,1377,2026051805010113,SAHAS,81,49,13,667.00,"8,671.00"
2026-05-18,1378,2026051805010112,SAHAS,81,58,13,667.00,"8,671.00"
2026-05-18,1379,2026051805010111,SAHAS,81,19,13,667.00,"8,671.00"
2026-05-18,1380,2026051805010110,SAHAS,81,52,236,667.00,"157,412.00"
2026-05-18,1381,2026051805010109,SAHAS,81,58,284,667.00,"189,428.00"
2026-05-18,1382,2026051805010108,SAHAS,81,45,500,667.00,"333,500.00"
2026-05-18,1383,2026051805010054,SANVI,58,91,200,680.00,"136,000.00"
2026-05-18,1384,2026051805010025,SANVI,6,91,65,680.00,"44,200.00"
2026-05-18,1385,2026051805010024,SANVI,6,34,10,680.00,"6,800.00"
2026-05-18,1386,2026051805010023,SANVI,6,25,10,680.00,"6,800.00"
2026-05-18,1387,2026051805010022,SANVI,6,32,15,680.00,"10,200.00"
2026-05-18,1388,2026051805009888,SANVI,56,32,80,680.00,"54,400.00"
2026-05-18,1389,2026051805009864,SANVI,38,38,10,680.00,"6,800.00"
2026-05-18,1390,2026051805009854,SANVI,58,7,10,678.00,"6,780.00"
2026-05-18,1391,2026051805009838,SANVI,58,49,10,678.00,"6,780.00"
2026-05-18,1392,2026051805009685,SANVI,34,7,10,677.20,"6,772.00"
2026-05-18,1393,2026051805009684,SANVI,33,7,30,677.20,"20,316.00"
2026-05-18,1394,2026051805010122,SGHC,58,6,10,363.10,"3,631.00"
2026-05-18,1395,2026051805010020,SGHC,35,58,49,363.00,"17,787.00"
2026-05-18,1396,2026051805009980,SGHC,35,34,332,363.00,"120,516.00"
2026-05-18,1397,2026051805009870,SGHC,74,34,18,363.00,"6,534.00"
2026-05-18,1398,2026051805009785,SGHC,54,57,50,362.30,"18,115.00"
2026-05-18,1399,2026051805009767,SGHC,54,46,10,362.30,"3,623.00"
2026-05-18,1400,2026051805010129,SHIVM,21,45,450,674.70,"303,615.00"
2026-05-18,1401,2026051805010128,SHIVM,6,45,50,674.80,"33,740.00"
2026-05-18,1402,2026051805010127,SHIVM,6,64,50,674.80,"33,740.00"
2026-05-18,1403,2026051805010089,SHIVM,26,21,20,674.90,"13,498.00"
2026-05-18,1404,2026051805010049,SHIVM,58,43,70,675.00,"47,250.00"
2026-05-18,1405,2026051805010048,SHIVM,34,43,77,675.00,"51,975.00"
2026-05-18,1406,2026051805009726,SHIVM,21,56,288,677.90,"195,235.20"
2026-05-18,1407,2026051805009725,SHIVM,21,22,200,677.80,"135,560.00"
2026-05-18,1408,2026051805009724,SHIVM,21,43,500,677.70,"338,850.00"
2026-05-18,1409,2026051805009723,SHIVM,21,52,12,676.00,"8,112.00"
2026-05-18,1410,2026051805009853,SHIVM,21,56,19,675.70,"12,838.30"
2026-05-18,1411,2026051805009843,SHIVM,21,45,220,675.70,"148,654.00"
2026-05-18,1412,2026051805009842,SHIVM,21,45,500,675.70,"337,850.00"
2026-05-18,1413,2026051805009841,SHIVM,47,45,210,675.80,"141,918.00"
2026-05-18,1414,2026051805009840,SHIVM,53,45,50,675.80,"33,790.00"
2026-05-18,1415,2026051805009839,SHIVM,26,45,20,676.00,"13,520.00"
2026-05-18,1416,2026051805009875,SHIVM,42,45,331,675.20,"223,491.20"
2026-05-18,1417,2026051805009860,SHIVM,42,45,169,675.20,"114,108.80"
2026-05-18,1418,2026051805009859,SHIVM,58,45,20,675.30,"13,506.00"
2026-05-18,1419,2026051805009858,SHIVM,48,45,300,675.50,"202,650.00"
2026-05-18,1420,2026051805009857,SHIVM,48,45,250,675.60,"168,900.00"
2026-05-18,1421,2026051805009856,SHIVM,21,45,261,675.70,"176,357.70"
2026-05-18,1422,2026051805009905,SHIVM,49,45,100,675.00,"67,500.00"
2026-05-18,1423,2026051805009904,SHIVM,56,45,331,675.10,"223,458.10"
2026-05-18,1424,2026051805009885,SHIVM,56,45,669,675.10,"451,641.90"
2026-05-18,1425,2026051805009884,SHIVM,21,45,331,675.20,"223,491.20"
2026-05-18,1426,2026051805009877,SHIVM,21,45,169,675.20,"114,108.80"
2026-05-18,1427,2026051805009876,SHIVM,21,45,500,675.20,"337,600.00"
2026-05-18,1428,2026051805009911,SHIVM,57,45,124,675.00,"83,700.00"
2026-05-18,1429,2026051805009910,SHIVM,74,45,50,675.00,"33,750.00"
2026-05-18,1430,2026051805009909,SHIVM,5,45,10,675.00,"6,750.00"
2026-05-18,1431,2026051805009908,SHIVM,58,45,28,675.00,"18,900.00"
2026-05-18,1432,2026051805009907,SHIVM,62,45,50,675.00,"33,750.00"
2026-05-18,1433,2026051805009906,SHIVM,75,45,200,675.00,"135,000.00"
2026-05-18,1434,2026051805009928,SHIVM,47,42,15,676.00,"10,140.00"
2026-05-18,1435,2026051805009926,SHIVM,60,45,732,675.00,"494,100.00"
2026-05-18,1436,2026051805009925,SHIVM,14,45,100,675.00,"67,500.00"
2026-05-18,1437,2026051805009924,SHIVM,57,45,168,675.00,"113,400.00"
2026-05-18,1438,2026051805009913,SHIVM,57,45,32,675.00,"21,600.00"
2026-05-18,1439,2026051805009912,SHIVM,53,45,75,675.00,"50,625.00"
2026-05-18,1440,2026051805010047,SHIVM,58,43,256,675.00,"172,800.00"
2026-05-18,1441,2026051805010046,SHIVM,65,43,100,675.10,"67,510.00"
2026-05-18,1442,2026051805010045,SHIVM,59,43,100,675.20,"67,520.00"
2026-05-18,1443,2026051805009975,SHIVM,58,77,244,675.00,"164,700.00"
2026-05-18,1444,2026051805009974,SHIVM,60,77,56,675.00,"37,800.00"
2026-05-18,1445,2026051805009930,SHIVM,60,74,212,675.00,"143,100.00"
2026-05-18,1446,2026051805010121,SIKLES,34,35,11,590.00,"6,490.00"
2026-05-18,1447,2026051805010036,SIKLES,34,32,170,590.00,"100,300.00"
2026-05-18,1448,2026051805009999,SIKLES,34,58,11,590.00,"6,490.00"
2026-05-18,1449,2026051805009989,SIKLES,34,34,11,590.00,"6,490.00"
2026-05-18,1450,2026051805009936,SIKLES,34,50,36,590.00,"21,240.00"
2026-05-18,1451,2026051805009894,SIKLES,57,50,84,590.10,"49,568.40"
2026-05-18,1452,2026051805009690,SIKLES,57,49,16,590.10,"9,441.60"
2026-05-18,1453,2026051805009949,SMATA,54,96,11,759.10,"8,350.10"
2026-05-18,1454,2026051805010082,SMH,36,42,20,585.00,"11,700.00"
2026-05-18,1455,2026051805010067,SMH,36,45,50,585.00,"29,250.00"
2026-05-18,1456,2026051805009681,SMH,36,48,89,585.00,"52,065.00"
2026-05-18,1457,2026051805010066,SMHL,16,56,155,494.00,"76,570.00"
2026-05-18,1458,2026051805010053,SMHL,42,51,11,493.50,"5,428.50"
2026-05-18,1459,2026051805009786,SMHL,42,46,11,493.50,"5,428.50"
2026-05-18,1460,2026051805009763,SMHL,97,6,22,495.00,"10,890.00"
2026-05-18,1461,2026051805010014,SMJC,40,91,496,473.90,"235,054.40"
2026-05-18,1462,2026051805010013,SMJC,40,3,25,473.00,"11,825.00"
2026-05-18,1463,2026051805009981,SMJC,58,59,89,474.00,"42,186.00"
2026-05-18,1464,2026051805009973,SMJC,58,59,10,474.00,"4,740.00"
2026-05-18,1465,2026051805009963,SMJC,58,59,75,474.00,"35,550.00"
2026-05-18,1466,2026051805009962,SMJC,58,29,20,473.90,"9,478.00"
2026-05-18,1467,2026051805009861,SMJC,75,52,396,471.10,"186,555.60"
2026-05-18,1468,2026051805009855,SMJC,75,48,10,471.10,"4,711.00"
2026-05-18,1469,2026051805009811,SMJC,64,46,10,471.00,"4,710.00"
2026-05-18,1470,2026051805009789,SMJC,58,45,10,471.50,"4,715.00"
2026-05-18,1471,2026051805009961,SMJC,58,21,15,473.00,"7,095.00"
2026-05-18,1472,2026051805009960,SMJC,58,62,10,472.00,"4,720.00"
2026-05-18,1473,2026051805009959,SMJC,58,48,80,472.00,"37,760.00"
2026-05-18,1474,2026051805009948,SMJC,35,48,70,472.00,"33,040.00"
2026-05-18,1475,2026051805009947,SMJC,35,58,10,472.00,"4,720.00"
2026-05-18,1476,2026051805009946,SMJC,35,45,90,471.50,"42,435.00"
2026-05-18,1477,2026051805010125,SONA,25,49,10,439.10,"4,391.00"
2026-05-18,1478,2026051805009982,SONA,25,34,10,439.10,"4,391.00"
2026-05-18,1479,2026051805009777,SONA,57,22,10,439.10,"4,391.00"
2026-05-18,1480,2026051805009756,SONA,57,7,10,439.10,"4,391.00"
2026-05-18,1481,2026051805009952,SPHL,34,56,170,499.40,"84,898.00"
2026-05-18,1482,2026051805009779,SPHL,40,49,10,499.30,"4,993.00"
2026-05-18,1483,2026051805009869,SPL,34,58,360,710.00,"255,600.00"
2026-05-18,1484,2026051805009868,SPL,34,46,150,709.00,"106,350.00"
2026-05-18,1485,2026051805010102,STC,21,56,10,"5,950.00","59,500.00"
2026-05-18,1486,2026051805009762,STC,83,56,10,"5,940.00","59,400.00"
2026-05-18,1487,2026051805009687,STC,62,49,10,"5,950.00","59,500.00"
2026-05-18,1488,2026051805009755,TAMOR,38,32,330,450.00,"148,500.00"
2026-05-18,1489,2026051805009754,TAMOR,38,34,10,450.00,"4,500.00"
2026-05-18,1490,2026051805009647,TAMOR,33,58,10,447.50,"4,475.00"
2026-05-18,1491,2026051805009818,TPC,34,49,20,363.50,"7,270.00"
2026-05-18,1492,2026051805010016,TSHL,42,58,55,585.40,"32,197.00"
2026-05-18,1493,2026051805009815,TSHL,42,34,71,585.40,"41,563.40"
2026-05-18,1494,2026051805009814,TSHL,45,34,29,586.00,"16,994.00"
2026-05-18,1495,2026051805010120,TVCL,52,51,20,505.10,"10,102.00"
2026-05-18,1496,2026051805009661,TVCL,52,58,20,505.10,"10,102.00"
2026-05-18,1497,2026051805009720,UHEWA,29,58,11,565.50,"6,220.50"
2026-05-18,1498,2026051805010093,USHEC,16,51,200,492.00,"98,400.00"
2026-05-18,1499,2026051805010021,USHEC,16,42,10,492.00,"4,920.00"
2026-05-18,1500,2026051805009680,VLUCL,17,58,10,490.00,"4,900.00"
2026-05-18,1501,2026051805009139,AHL,56,42,10,509.00,"5,090.00"
2026-05-18,1502,2026051805009534,BBC,34,35,10,"4,734.50","47,345.00"
2026-05-18,1503,2026051805009408,BGWT,58,36,89,670.00,"59,630.00"
2026-05-18,1504,2026051805009407,BGWT,58,33,11,670.00,"7,370.00"
2026-05-18,1505,2026051805009155,BGWT,35,58,10,660.00,"6,600.00"
2026-05-18,1506,2026051805009368,BHDC,56,57,11,456.30,"5,019.30"
2026-05-18,1507,2026051805009147,BHDC,56,6,97,456.30,"44,261.10"
2026-05-18,1508,2026051805009610,BHL,14,49,20,220.80,"4,416.00"
2026-05-18,1509,2026051805009600,BHL,14,19,950,220.80,"209,760.00"
2026-05-18,1510,2026051805009594,BHL,58,57,250,221.00,"55,250.00"
2026-05-18,1511,2026051805009509,BHL,14,77,10,220.80,"2,208.00"
2026-05-18,1512,2026051805009506,BHL,14,49,200,220.80,"44,160.00"
2026-05-18,1513,2026051805009418,BHL,14,45,982,220.80,"216,825.60"
2026-05-18,1514,2026051805009367,BHL,14,11,20,220.80,"4,416.00"
2026-05-18,1515,2026051805009191,BHL,11,17,100,221.00,"22,100.00"
2026-05-18,1516,2026051805009435,BHPL,32,4,33,515.40,"17,008.20"
2026-05-18,1517,2026051805009381,BHPL,32,46,10,515.40,"5,154.00"
2026-05-18,1518,2026051805009261,BHPL,32,42,20,515.40,"10,308.00"
2026-05-18,1519,2026051805009260,BHPL,1,42,100,515.50,"51,550.00"
2026-05-18,1520,2026051805009259,BHPL,43,42,33,516.00,"17,028.00"
