date,sn,contract_no,stock_symbol,buyer,seller,quantity,rate,amount
2026-05-13,1,2026051305009537,AHL,56,35,210,566.00,"118,860.00"
2026-05-13,2,2026051305009536,AHL,56,34,20,566.00,"11,320.00"
2026-05-13,3,2026051305009535,AHL,56,36,100,555.00,"55,500.00"
2026-05-13,4,2026051305009534,AHL,56,41,575,549.00,"315,675.00"
2026-05-13,5,2026051305009533,AHL,56,11,275,523.10,"143,852.50"
2026-05-13,6,2026051305009532,AHL,56,38,200,523.10,"104,620.00"
2026-05-13,7,2026051305009264,AHL,56,74,100,507.00,"50,700.00"
2026-05-13,8,2026051305009256,AHL,95,74,490,502.10,"246,029.00"
2026-05-13,9,2026051305009255,AHL,14,74,10,502.20,"5,022.00"
2026-05-13,10,2026051305009230,AHL,14,17,10,502.20,"5,022.00"
2026-05-13,11,2026051305009270,AHL,56,45,135,515.90,"69,646.50"
2026-05-13,12,2026051305009269,AHL,56,90,50,515.60,"25,780.00"
2026-05-13,13,2026051305009268,AHL,56,34,100,515.00,"51,500.00"
2026-05-13,14,2026051305009267,AHL,56,51,25,515.00,"12,875.00"
2026-05-13,15,2026051305009266,AHL,56,32,50,508.90,"25,445.00"
2026-05-13,16,2026051305009265,AHL,56,42,40,507.90,"20,316.00"
2026-05-13,17,2026051305009519,AHL,56,42,200,516.00,"103,200.00"
2026-05-13,18,2026051305009518,AHL,56,14,700,516.00,"361,200.00"
2026-05-13,19,2026051305009517,AHL,56,45,165,515.90,"85,123.50"
2026-05-13,20,2026051305009516,AHL,56,47,20,515.80,"10,316.00"
2026-05-13,21,2026051305009472,AHL,57,74,200,505.00,"101,000.00"
2026-05-13,22,2026051305009296,AHL,95,56,10,502.10,"5,021.00"
2026-05-13,23,2026051305009525,AHL,56,43,10,518.00,"5,180.00"
2026-05-13,24,2026051305009524,AHL,56,39,500,517.10,"258,550.00"
2026-05-13,25,2026051305009523,AHL,56,85,100,517.00,"51,700.00"
2026-05-13,26,2026051305009522,AHL,56,74,100,517.00,"51,700.00"
2026-05-13,27,2026051305009521,AHL,56,56,200,516.00,"103,200.00"
2026-05-13,28,2026051305009520,AHL,56,58,10,516.00,"5,160.00"
2026-05-13,29,2026051305009531,AHL,56,89,200,523.00,"104,600.00"
2026-05-13,30,2026051305009530,AHL,56,89,100,523.00,"52,300.00"
2026-05-13,31,2026051305009529,AHL,56,42,100,523.00,"52,300.00"
2026-05-13,32,2026051305009528,AHL,56,46,15,518.10,"7,771.50"
2026-05-13,33,2026051305009527,AHL,56,74,100,518.00,"51,800.00"
2026-05-13,34,2026051305009526,AHL,56,49,600,518.00,"310,800.00"
2026-05-13,35,2026051305009545,BBC,62,34,10,"4,800.00","48,000.00"
2026-05-13,36,2026051305009288,BBC,1,39,3,"4,823.00","14,469.00"
2026-05-13,37,2026051305009219,BBC,35,4,10,"4,799.00","47,990.00"
2026-05-13,38,2026051305009378,BEDC,32,44,180,360.20,"64,836.00"
2026-05-13,39,2026051305009228,BEDC,32,42,20,360.00,"7,200.00"
2026-05-13,40,2026051305009493,BGWT,47,74,10,669.00,"6,690.00"
2026-05-13,41,2026051305009426,BGWT,47,4,27,653.00,"17,631.00"
2026-05-13,42,2026051305009425,BGWT,42,4,18,653.00,"11,754.00"
2026-05-13,43,2026051305009424,BGWT,46,4,10,654.90,"6,549.00"
2026-05-13,44,2026051305009423,BGWT,47,4,25,655.00,"16,375.00"
2026-05-13,45,2026051305009342,BGWT,47,7,50,665.00,"33,250.00"
2026-05-13,46,2026051305009213,BGWT,47,58,49,665.00,"32,585.00"
2026-05-13,47,2026051305009212,BGWT,47,49,11,660.00,"7,260.00"
2026-05-13,48,2026051305009211,BGWT,47,38,490,656.00,"321,440.00"
2026-05-13,49,2026051305009422,BGWT,46,4,20,655.10,"13,102.00"
2026-05-13,50,2026051305009344,BGWT,47,74,19,669.00,"12,711.00"
2026-05-13,51,2026051305009343,BGWT,47,7,31,668.00,"20,708.00"
2026-05-13,52,2026051305009461,BHL,58,13,457,222.50,"101,682.50"
2026-05-13,53,2026051305009367,BHL,58,74,300,222.10,"66,630.00"
2026-05-13,54,2026051305009366,BHL,58,13,200,222.50,"44,500.00"
2026-05-13,55,2026051305009285,BHL,58,54,100,222.10,"22,210.00"
2026-05-13,56,2026051305009182,BHL,58,38,200,222.10,"44,420.00"
2026-05-13,57,2026051305009176,BHL,58,58,200,222.10,"44,420.00"
2026-05-13,58,2026051305009108,BHL,54,40,50,222.00,"11,100.00"
2026-05-13,59,2026051305009102,BHL,54,34,10,222.00,"2,220.00"
2026-05-13,60,2026051305009100,BHL,54,38,70,222.00,"15,540.00"
2026-05-13,61,2026051305009214,BHPL,35,32,20,522.00,"10,440.00"
2026-05-13,62,2026051305009374,CHDC,34,39,10,"2,282.00","22,820.00"
2026-05-13,63,2026051305009130,CHDC,32,101,136,"2,266.40","308,230.40"
2026-05-13,64,2026051305009129,CHDC,32,101,500,"2,266.50","1,133,250.00"
2026-05-13,65,2026051305009128,CHDC,32,101,24,"2,266.50","54,396.00"
2026-05-13,66,2026051305009127,CHDC,101,101,10,"2,267.00","22,670.00"
2026-05-13,67,2026051305009126,CHDC,5,101,20,"2,267.00","45,340.00"
2026-05-13,68,2026051305009125,CHDC,19,101,100,"2,267.00","226,700.00"
2026-05-13,69,2026051305009124,CHDC,28,101,100,"2,267.10","226,710.00"
2026-05-13,70,2026051305009123,CHDC,25,101,100,"2,270.00","227,000.00"
2026-05-13,71,2026051305009122,CHDC,35,101,39,"2,270.00","88,530.00"
2026-05-13,72,2026051305009294,CIT,10,7,11,"1,766.00","19,426.00"
2026-05-13,73,2026051305009315,CLI,17,49,46,455.00,"20,930.00"
2026-05-13,74,2026051305009314,CLI,17,6,13,455.00,"5,915.00"
2026-05-13,75,2026051305009305,CLI,13,66,11,454.40,"4,998.40"
2026-05-13,76,2026051305009557,DOLTI,1,41,10,350.50,"3,505.00"
2026-05-13,77,2026051305009542,DOLTI,38,41,"1,000",350.50,"350,500.00"
2026-05-13,78,2026051305009541,DOLTI,26,45,500,350.00,"175,000.00"
2026-05-13,79,2026051305009313,DOLTI,39,41,10,350.50,"3,505.00"
2026-05-13,80,2026051305009143,DORDI,35,13,600,271.60,"162,960.00"
2026-05-13,81,2026051305009142,DORDI,35,13,486,271.60,"131,997.60"
2026-05-13,82,2026051305009364,DORDI,38,47,50,271.40,"13,570.00"
2026-05-13,83,2026051305009232,DORDI,45,17,10,271.30,"2,713.00"
2026-05-13,84,2026051305009147,DORDI,45,13,444,271.30,"120,457.20"
2026-05-13,85,2026051305009146,DORDI,42,13,100,271.50,"27,150.00"
2026-05-13,86,2026051305009145,DORDI,56,13,20,271.50,"5,430.00"
2026-05-13,87,2026051305009144,DORDI,14,13,200,271.50,"54,300.00"
2026-05-13,88,2026051305009412,DORDI,36,35,10,272.00,"2,720.00"
2026-05-13,89,2026051305009365,DORDI,38,35,150,272.00,"40,800.00"
2026-05-13,90,2026051305009449,EHPL,3,81,260,377.00,"98,020.00"
2026-05-13,91,2026051305009448,EHPL,7,81,100,377.00,"37,700.00"
2026-05-13,92,2026051305009447,EHPL,22,81,100,377.00,"37,700.00"
2026-05-13,93,2026051305009446,EHPL,33,81,40,377.00,"15,080.00"
2026-05-13,94,2026051305009445,EHPL,6,81,75,377.00,"28,275.00"
2026-05-13,95,2026051305009444,EHPL,36,81,14,377.00,"5,278.00"
2026-05-13,96,2026051305009113,EHPL,58,45,340,377.60,"128,384.00"
2026-05-13,97,2026051305009259,EHPL,34,6,42,377.00,"15,834.00"
2026-05-13,98,2026051305009258,EHPL,7,6,12,377.00,"4,524.00"
2026-05-13,99,2026051305009257,EHPL,51,6,60,377.20,"22,632.00"
2026-05-13,100,2026051305009116,EHPL,50,45,200,377.30,"75,460.00"
2026-05-13,101,2026051305009115,EHPL,42,45,100,377.40,"37,740.00"
2026-05-13,102,2026051305009114,EHPL,58,45,220,377.50,"83,050.00"
2026-05-13,103,2026051305009398,EHPL,34,45,170,377.20,"64,124.00"
2026-05-13,104,2026051305009397,EHPL,35,45,20,377.20,"7,544.00"
2026-05-13,105,2026051305009395,EHPL,52,45,100,377.30,"37,730.00"
2026-05-13,106,2026051305009394,EHPL,1,45,150,377.30,"56,595.00"
2026-05-13,107,2026051305009292,EHPL,58,45,27,378.00,"10,206.00"
2026-05-13,108,2026051305009260,EHPL,36,6,86,377.00,"32,422.00"
2026-05-13,109,2026051305009307,ENL,60,44,10,895.00,"8,950.00"
2026-05-13,110,2026051305009306,ENL,60,58,10,895.00,"8,950.00"
2026-05-13,111,2026051305009220,GCIL,4,17,12,414.10,"4,969.20"
2026-05-13,112,2026051305009312,GCIL,32,22,21,419.90,"8,817.90"
2026-05-13,113,2026051305009311,GCIL,32,58,12,419.80,"5,037.60"
2026-05-13,114,2026051305009310,GCIL,32,5,205,417.90,"85,669.50"
2026-05-13,115,2026051305009309,GCIL,32,65,12,417.00,"5,004.00"
2026-05-13,116,2026051305009101,GIBF1,40,49,100,10.67,"1,067.00"
2026-05-13,117,2026051305009322,GVL,51,54,200,487.20,"97,440.00"
2026-05-13,118,2026051305009300,GVL,58,33,98,488.00,"47,824.00"
2026-05-13,119,2026051305009299,GVL,58,10,232,488.00,"113,216.00"
2026-05-13,120,2026051305009295,GVL,51,57,55,487.20,"26,796.00"
2026-05-13,121,2026051305009181,GVL,51,42,250,487.20,"121,800.00"
2026-05-13,122,2026051305009180,GVL,25,42,50,487.30,"24,365.00"
2026-05-13,123,2026051305009093,GVL,38,47,1,487.00,487.00
2026-05-13,124,2026051305009238,HATHY,21,94,22,805.00,"17,710.00"
2026-05-13,125,2026051305009544,HDL,53,41,10,"1,158.00","11,580.00"
2026-05-13,126,2026051305009538,HDL,34,90,98,"1,157.00","113,386.00"
2026-05-13,127,2026051305009452,HDL,8,41,100,"1,158.00","115,800.00"
2026-05-13,128,2026051305009234,HDL,17,42,254,"1,158.00","294,132.00"
2026-05-13,129,2026051305009218,HDL,17,70,85,"1,156.50","98,302.50"
2026-05-13,130,2026051305009308,HDL,17,41,11,"1,158.00","12,738.00"
2026-05-13,131,2026051305009298,HDL,17,42,50,"1,158.00","57,900.00"
2026-05-13,132,2026051305009427,HHL,49,46,200,373.20,"74,640.00"
2026-05-13,133,2026051305009293,HHL,29,98,250,374.00,"93,500.00"
2026-05-13,134,2026051305009231,HHL,14,63,500,374.00,"187,000.00"
2026-05-13,135,2026051305009377,HHL,49,59,271,373.20,"101,137.20"
2026-05-13,136,2026051305009376,HHL,59,59,59,373.40,"22,030.60"
2026-05-13,137,2026051305009375,HHL,64,59,50,373.60,"18,680.00"
2026-05-13,138,2026051305009471,HIDCL,46,51,83,268.10,"22,252.30"
2026-05-13,139,2026051305009438,HIDCL,62,51,200,268.10,"53,620.00"
2026-05-13,140,2026051305009437,HIDCL,62,41,100,268.10,"26,810.00"
2026-05-13,141,2026051305009216,HIDCL,59,58,200,268.00,"53,600.00"
2026-05-13,142,2026051305009106,HIDCL,59,18,30,267.60,"8,028.00"
2026-05-13,143,2026051305009090,HIDCL,6,57,85,267.00,"22,695.00"
2026-05-13,144,2026051305009083,HIDCL,45,57,60,267.00,"16,020.00"
2026-05-13,145,2026051305009082,HIDCL,45,57,50,267.00,"13,350.00"
2026-05-13,146,2026051305009081,HIDCL,53,57,88,267.00,"23,496.00"
2026-05-13,147,2026051305009080,HIDCL,89,57,10,267.20,"2,672.00"
2026-05-13,148,2026051305009079,HIDCL,21,57,281,267.30,"75,111.30"
2026-05-13,149,2026051305009089,HIDCL,49,57,115,267.00,"30,705.00"
2026-05-13,150,2026051305009088,HIDCL,19,57,80,267.00,"21,360.00"
2026-05-13,151,2026051305009087,HIDCL,32,57,200,267.00,"53,400.00"
2026-05-13,152,2026051305009086,HIDCL,22,57,100,267.00,"26,700.00"
2026-05-13,153,2026051305009085,HIDCL,42,57,600,267.00,"160,200.00"
2026-05-13,154,2026051305009084,HIDCL,17,57,200,267.00,"53,400.00"
2026-05-13,155,2026051305009551,HRL,13,42,241,677.10,"163,181.10"
2026-05-13,156,2026051305009550,HRL,42,42,29,678.00,"19,662.00"
2026-05-13,157,2026051305009549,HRL,13,42,10,678.00,"6,780.00"
2026-05-13,158,2026051305009548,HRL,38,42,220,678.00,"149,160.00"
2026-05-13,159,2026051305009540,HRL,4,58,10,679.00,"6,790.00"
2026-05-13,160,2026051305009140,HRL,42,45,54,679.00,"36,666.00"
2026-05-13,161,2026051305009167,HRL,77,25,10,677.00,"6,770.00"
2026-05-13,162,2026051305009166,HRL,81,25,41,677.00,"27,757.00"
2026-05-13,163,2026051305009165,HRL,74,25,200,677.10,"135,420.00"
2026-05-13,164,2026051305009164,HRL,22,25,291,677.10,"197,036.10"
2026-05-13,165,2026051305009163,HRL,38,25,200,678.00,"135,600.00"
2026-05-13,166,2026051305009162,HRL,42,25,10,678.00,"6,780.00"
2026-05-13,167,2026051305009174,HRL,22,45,32,679.00,"21,728.00"
2026-05-13,168,2026051305009172,HRL,45,25,200,677.00,"135,400.00"
2026-05-13,169,2026051305009171,HRL,41,25,"1,000",677.00,"677,000.00"
2026-05-13,170,2026051305009170,HRL,58,25,10,677.00,"6,770.00"
2026-05-13,171,2026051305009169,HRL,28,25,19,677.00,"12,863.00"
2026-05-13,172,2026051305009168,HRL,42,25,10,677.00,"6,770.00"
2026-05-13,173,2026051305009345,HRL,49,34,20,678.00,"13,560.00"
2026-05-13,174,2026051305009263,HRL,11,25,470,679.00,"319,130.00"
2026-05-13,175,2026051305009254,HRL,58,8,18,679.00,"12,222.00"
2026-05-13,176,2026051305009175,HRL,22,8,28,679.00,"19,012.00"
2026-05-13,177,2026051305009410,HRL,34,58,10,679.00,"6,790.00"
2026-05-13,178,2026051305009404,HRL,26,58,900,679.00,"611,100.00"
2026-05-13,179,2026051305009346,HRL,38,34,80,678.00,"54,240.00"
2026-05-13,180,2026051305009458,HRL,38,51,100,678.00,"67,800.00"
2026-05-13,181,2026051305009453,HRL,17,58,30,679.00,"20,370.00"
2026-05-13,182,2026051305009578,IHL,44,81,50,390.50,"19,525.00"
2026-05-13,183,2026051305009420,KBSH,29,57,20,"1,574.90","31,498.00"
2026-05-13,184,2026051305009465,KDBY,42,75,100,11.50,"1,150.00"
2026-05-13,185,2026051305009373,KDBY,42,58,100,11.44,"1,144.00"
2026-05-13,186,2026051305009120,MAKAR,58,49,25,485.60,"12,140.00"
2026-05-13,187,2026051305009407,MBJC,40,85,500,282.00,"141,000.00"
2026-05-13,188,2026051305009207,MBJC,58,81,658,281.40,"185,161.20"
2026-05-13,189,2026051305009206,MBJC,51,81,400,281.40,"112,560.00"
2026-05-13,190,2026051305009205,MBJC,43,81,150,281.40,"42,210.00"
2026-05-13,191,2026051305009198,MBJC,22,81,20,282.00,"5,640.00"
2026-05-13,192,2026051305009197,MBJC,3,81,100,282.00,"28,200.00"
2026-05-13,193,2026051305009196,MBJC,42,81,20,282.00,"5,640.00"
2026-05-13,194,2026051305009195,MBJC,16,81,402,282.00,"113,364.00"
2026-05-13,195,2026051305009194,MBJC,58,81,"1,700",282.10,"479,570.00"
2026-05-13,196,2026051305009173,MBJC,40,32,140,282.50,"39,550.00"
2026-05-13,197,2026051305009204,MBJC,29,81,30,281.50,"8,445.00"
2026-05-13,198,2026051305009203,MBJC,56,81,50,281.50,"14,075.00"
2026-05-13,199,2026051305009202,MBJC,40,81,500,281.60,"140,800.00"
2026-05-13,200,2026051305009201,MBJC,47,81,500,281.70,"140,850.00"
2026-05-13,201,2026051305009200,MBJC,42,81,120,282.00,"33,840.00"
2026-05-13,202,2026051305009199,MBJC,17,81,350,282.00,"98,700.00"
2026-05-13,203,2026051305009491,MCHL,74,95,10,315.00,"3,150.00"
2026-05-13,204,2026051305009289,MCHL,20,44,200,310.60,"62,120.00"
2026-05-13,205,2026051305009098,MCHL,58,19,280,310.50,"86,940.00"
2026-05-13,206,2026051305009097,MCHL,90,19,100,310.60,"31,060.00"
2026-05-13,207,2026051305009096,MCHL,42,19,40,310.70,"12,428.00"
2026-05-13,208,2026051305009095,MCHL,96,19,50,311.00,"15,550.00"
2026-05-13,209,2026051305009094,MCHL,58,19,30,311.00,"9,330.00"
2026-05-13,210,2026051305009562,MEL,17,57,10,226.50,"2,265.00"
2026-05-13,211,2026051305009148,MEL,49,51,198,227.00,"44,946.00"
2026-05-13,212,2026051305009224,MEL,59,51,100,227.00,"22,700.00"
2026-05-13,213,2026051305009223,MEL,42,51,190,227.00,"43,130.00"
2026-05-13,214,2026051305009403,MEL,36,51,50,227.00,"11,350.00"
2026-05-13,215,2026051305009401,MEL,7,51,200,227.00,"45,400.00"
2026-05-13,216,2026051305009368,MEL,4,51,500,226.50,"113,250.00"
2026-05-13,217,2026051305009443,MEL,17,42,253,226.50,"57,304.50"
2026-05-13,218,2026051305009442,MEL,17,42,200,226.50,"45,300.00"
2026-05-13,219,2026051305009441,MEL,4,42,376,226.50,"85,164.00"
2026-05-13,220,2026051305009440,MEL,58,42,171,226.60,"38,748.60"
2026-05-13,221,2026051305009563,MHCL,22,39,10,353.50,"3,535.00"
2026-05-13,222,2026051305009132,MHCL,49,35,10,350.90,"3,509.00"
2026-05-13,223,2026051305009473,MHL,42,26,10,495.40,"4,954.00"
2026-05-13,224,2026051305009408,MHL,42,26,10,495.40,"4,954.00"
2026-05-13,225,2026051305009099,MHL,48,1,170,493.10,"83,827.00"
2026-05-13,226,2026051305009400,MKHC,41,69,330,319.90,"105,567.00"
2026-05-13,227,2026051305009399,MKHC,41,43,130,319.60,"41,548.00"
2026-05-13,228,2026051305009186,MKHC,41,45,40,317.10,"12,684.00"
2026-05-13,229,2026051305009185,MKHC,58,45,10,318.00,"3,180.00"
2026-05-13,230,2026051305009222,MKHL,11,6,10,525.00,"5,250.00"
2026-05-13,231,2026051305009221,MKHL,11,33,33,525.00,"17,325.00"
2026-05-13,232,2026051305009479,MKJC,38,92,100,488.00,"48,800.00"
2026-05-13,233,2026051305009478,MKJC,34,92,50,489.00,"24,450.00"
2026-05-13,234,2026051305009477,MKJC,58,92,55,489.50,"26,922.50"
2026-05-13,235,2026051305009476,MKJC,38,92,260,490.00,"127,400.00"
2026-05-13,236,2026051305009107,MKJC,38,72,40,490.00,"19,600.00"
2026-05-13,237,2026051305009226,MMKJL,40,39,10,488.90,"4,889.00"
2026-05-13,238,2026051305009489,MSHL,66,45,45,691.40,"31,113.00"
2026-05-13,239,2026051305009488,MSHL,1,45,55,691.60,"38,038.00"
2026-05-13,240,2026051305009233,MSHL,1,35,10,691.60,"6,916.00"
2026-05-13,241,2026051305009556,NIFRA,33,44,10,264.00,"2,640.00"
2026-05-13,242,2026051305009555,NIFRA,8,42,300,262.40,"78,720.00"
2026-05-13,243,2026051305009554,NIFRA,59,42,10,262.50,"2,625.00"
2026-05-13,244,2026051305009553,NIFRA,4,42,40,262.50,"10,500.00"
2026-05-13,245,2026051305009552,NIFRA,91,42,150,262.50,"39,375.00"
2026-05-13,246,2026051305009436,NIFRA,91,91,50,262.50,"13,125.00"
2026-05-13,247,2026051305009153,NIFRA,50,57,421,263.90,"111,101.90"
2026-05-13,248,2026051305009152,NIFRA,50,22,65,263.90,"17,153.50"
2026-05-13,249,2026051305009151,NIFRA,50,34,500,263.80,"131,900.00"
2026-05-13,250,2026051305009150,NIFRA,50,34,14,263.00,"3,682.00"
2026-05-13,251,2026051305009110,NIFRA,58,34,19,263.00,"4,997.00"
2026-05-13,252,2026051305009566,NRIC,34,66,17,905.00,"15,385.00"
2026-05-13,253,2026051305009565,NRIC,34,57,43,903.00,"38,829.00"
2026-05-13,254,2026051305009406,NRIC,21,57,10,903.00,"9,030.00"
2026-05-13,255,2026051305009363,NRIC,39,99,11,901.20,"9,913.20"
2026-05-13,256,2026051305009287,NRIC,25,39,90,901.10,"81,099.00"
2026-05-13,257,2026051305009240,NRIC,26,99,90,902.00,"81,180.00"
2026-05-13,258,2026051305009239,NRIC,38,99,30,902.00,"27,060.00"
2026-05-13,259,2026051305009189,NRIC,34,99,50,903.00,"45,150.00"
2026-05-13,260,2026051305009188,NRIC,28,99,20,903.00,"18,060.00"
2026-05-13,261,2026051305009187,NRIC,42,99,30,903.00,"27,090.00"
2026-05-13,262,2026051305009149,NRIC,58,99,232,904.00,"209,728.00"
2026-05-13,263,2026051305009419,NRM,42,45,100,390.00,"39,000.00"
2026-05-13,264,2026051305009418,NRM,58,45,120,390.00,"46,800.00"
2026-05-13,265,2026051305009417,NRM,6,45,258,390.00,"100,620.00"
2026-05-13,266,2026051305009416,NRM,42,45,100,390.10,"39,010.00"
2026-05-13,267,2026051305009415,NRM,6,45,30,391.00,"11,730.00"
2026-05-13,268,2026051305009304,NRM,57,14,198,392.00,"77,616.00"
2026-05-13,269,2026051305009492,NRN,58,56,57,"1,375.00","78,375.00"
2026-05-13,270,2026051305009402,NRN,58,62,180,"1,375.00","247,500.00"
2026-05-13,271,2026051305009369,NRN,42,62,120,"1,379.00","165,480.00"
2026-05-13,272,2026051305009286,NRN,17,62,300,"1,379.00","413,700.00"
2026-05-13,273,2026051305009317,NTC,58,35,35,890.00,"31,150.00"
2026-05-13,274,2026051305009316,NTC,58,34,115,890.00,"102,350.00"
2026-05-13,275,2026051305009302,NTC,1,26,25,889.00,"22,225.00"
2026-05-13,276,2026051305009117,NTC,58,32,5,889.00,"4,445.00"
2026-05-13,277,2026051305009547,NYADI,58,36,50,391.00,"19,550.00"
2026-05-13,278,2026051305009450,NYADI,58,45,45,387.10,"17,419.50"
2026-05-13,279,2026051305009161,NYADI,58,45,55,390.00,"21,450.00"
2026-05-13,280,2026051305009160,NYADI,58,34,70,390.00,"27,300.00"
2026-05-13,281,2026051305009475,PHCL,42,38,20,307.70,"6,154.00"
2026-05-13,282,2026051305009393,PHCL,42,22,55,307.90,"16,934.50"
2026-05-13,283,2026051305009261,PHCL,42,4,330,307.70,"101,541.00"
2026-05-13,284,2026051305009184,PHCL,42,38,40,307.70,"12,308.00"
2026-05-13,285,2026051305009183,PHCL,42,57,250,307.70,"76,925.00"
2026-05-13,286,2026051305009495,PPL,49,6,10,350.00,"3,500.00"
2026-05-13,287,2026051305009469,PPL,34,6,16,350.00,"5,600.00"
2026-05-13,288,2026051305009468,PPL,34,89,10,350.00,"3,500.00"
2026-05-13,289,2026051305009467,PPL,34,5,10,350.00,"3,500.00"
2026-05-13,290,2026051305009466,PPL,34,14,14,349.00,"4,886.00"
2026-05-13,291,2026051305009460,PPL,17,14,10,349.00,"3,490.00"
2026-05-13,292,2026051305009335,PPL,47,48,325,345.70,"112,352.50"
2026-05-13,293,2026051305009334,PPL,49,48,100,345.80,"34,580.00"
2026-05-13,294,2026051305009333,PPL,52,48,375,346.30,"129,862.50"
2026-05-13,295,2026051305009237,PPL,45,14,90,349.00,"31,410.00"
2026-05-13,296,2026051305009303,RAWA,6,7,10,598.90,"5,989.00"
2026-05-13,297,2026051305009546,RFPL,58,45,40,368.40,"14,736.00"
2026-05-13,298,2026051305009428,RHGCL,1,10,10,297.00,"2,970.00"
2026-05-13,299,2026051305009391,RHGCL,41,45,40,293.10,"11,724.00"
2026-05-13,300,2026051305009390,RHGCL,42,45,50,293.50,"14,675.00"
2026-05-13,301,2026051305009389,RHGCL,42,96,150,293.50,"44,025.00"
2026-05-13,302,2026051305009208,RHGCL,58,45,10,296.90,"2,969.00"
2026-05-13,303,2026051305009193,RNLI,4,49,266,461.00,"122,626.00"
2026-05-13,304,2026051305009139,RNLI,4,17,12,461.00,"5,532.00"
2026-05-13,305,2026051305009138,RNLI,4,58,12,461.00,"5,532.00"
2026-05-13,306,2026051305009564,SAHAS,83,13,10,658.80,"6,588.00"
2026-05-13,307,2026051305009561,SAHAS,48,13,300,658.80,"197,640.00"
2026-05-13,308,2026051305009539,SAHAS,46,44,50,658.60,"32,930.00"
2026-05-13,309,2026051305009490,SAHAS,58,1,200,658.00,"131,600.00"
2026-05-13,310,2026051305009464,SAHAS,58,42,50,658.00,"32,900.00"
2026-05-13,311,2026051305009462,SAHAS,58,13,160,658.80,"105,408.00"
2026-05-13,312,2026051305009103,SAHAS,35,4,30,657.40,"19,722.00"
2026-05-13,313,2026051305009119,SAHAS,58,57,80,657.10,"52,568.00"
2026-05-13,314,2026051305009118,SAHAS,58,45,13,657.10,"8,542.30"
2026-05-13,315,2026051305009112,SAHAS,62,39,110,658.00,"72,380.00"
2026-05-13,316,2026051305009109,SAHAS,58,11,20,657.10,"13,142.00"
2026-05-13,317,2026051305009105,SAHAS,35,4,123,657.00,"80,811.00"
2026-05-13,318,2026051305009104,SAHAS,65,4,247,657.00,"162,279.00"
2026-05-13,319,2026051305009157,SAHAS,35,34,13,658.10,"8,555.30"
2026-05-13,320,2026051305009156,SAHAS,35,11,13,658.10,"8,555.30"
2026-05-13,321,2026051305009155,SAHAS,35,39,50,658.00,"32,900.00"
2026-05-13,322,2026051305009154,SAHAS,35,39,15,658.00,"9,870.00"
2026-05-13,323,2026051305009131,SAHAS,58,42,137,657.10,"90,022.70"
2026-05-13,324,2026051305009121,SAHAS,53,38,4,652.00,"2,608.00"
2026-05-13,325,2026051305009217,SAHAS,58,32,250,657.00,"164,250.00"
2026-05-13,326,2026051305009215,SAHAS,94,32,10,657.00,"6,570.00"
2026-05-13,327,2026051305009210,SAHAS,81,32,500,657.00,"328,500.00"
2026-05-13,328,2026051305009209,SAHAS,16,32,87,657.10,"57,167.70"
2026-05-13,329,2026051305009159,SAHAS,35,17,34,658.90,"22,402.60"
2026-05-13,330,2026051305009158,SAHAS,35,45,50,658.30,"32,915.00"
2026-05-13,331,2026051305009291,SAHAS,100,62,150,657.00,"98,550.00"
2026-05-13,332,2026051305009262,SAHAS,100,1,50,657.00,"32,850.00"
2026-05-13,333,2026051305009236,SAHAS,100,44,100,657.00,"65,700.00"
2026-05-13,334,2026051305009235,SAHAS,100,32,688,657.00,"452,016.00"
2026-05-13,335,2026051305009229,SAHAS,8,32,380,657.00,"249,660.00"
2026-05-13,336,2026051305009225,SAHAS,53,39,2,652.60,"1,305.20"
2026-05-13,337,2026051305009328,SAHAS,95,45,250,658.90,"164,725.00"
2026-05-13,338,2026051305009327,SAHAS,95,18,308,658.90,"202,941.20"
2026-05-13,339,2026051305009326,SAHAS,95,17,66,658.90,"43,487.40"
2026-05-13,340,2026051305009325,SAHAS,95,44,200,658.00,"131,600.00"
2026-05-13,341,2026051305009324,SAHAS,95,41,350,658.00,"230,300.00"
2026-05-13,342,2026051305009318,SAHAS,100,11,12,657.00,"7,884.00"
2026-05-13,343,2026051305009380,SAHAS,100,49,24,658.90,"15,813.60"
2026-05-13,344,2026051305009379,SAHAS,100,17,160,657.90,"105,264.00"
2026-05-13,345,2026051305009332,SAHAS,95,49,176,658.90,"115,966.40"
2026-05-13,346,2026051305009331,SAHAS,95,34,100,658.90,"65,890.00"
2026-05-13,347,2026051305009330,SAHAS,95,58,500,658.90,"329,450.00"
2026-05-13,348,2026051305009329,SAHAS,95,40,50,658.90,"32,945.00"
2026-05-13,349,2026051305009386,SAHAS,100,16,333,659.00,"219,447.00"
2026-05-13,350,2026051305009385,SAHAS,100,38,500,659.00,"329,500.00"
2026-05-13,351,2026051305009384,SAHAS,100,36,788,659.00,"519,292.00"
2026-05-13,352,2026051305009383,SAHAS,100,96,13,659.00,"8,567.00"
2026-05-13,353,2026051305009382,SAHAS,100,17,100,659.00,"65,900.00"
2026-05-13,354,2026051305009381,SAHAS,100,46,82,659.00,"54,038.00"
2026-05-13,355,2026051305009451,SAHAS,58,42,20,658.00,"13,160.00"
2026-05-13,356,2026051305009429,SAHAS,53,44,8,655.00,"5,240.00"
2026-05-13,357,2026051305009421,SAHAS,4,58,16,657.00,"10,512.00"
2026-05-13,358,2026051305009414,SAHAS,42,13,500,658.80,"329,400.00"
2026-05-13,359,2026051305009413,SAHAS,42,101,500,658.70,"329,350.00"
2026-05-13,360,2026051305009396,SAHAS,42,17,100,657.90,"65,790.00"
2026-05-13,361,2026051305009543,SANVI,16,91,10,681.50,"6,815.00"
2026-05-13,362,2026051305009486,SANVI,49,91,10,681.50,"6,815.00"
2026-05-13,363,2026051305009474,SANVI,32,91,160,681.50,"109,040.00"
2026-05-13,364,2026051305009411,SGHC,48,64,10,367.60,"3,676.00"
2026-05-13,365,2026051305009323,SGHC,95,88,"1,000",362.10,"362,100.00"
2026-05-13,366,2026051305009494,SHIVM,29,4,11,677.00,"7,447.00"
2026-05-13,367,2026051305009457,SHIVM,82,4,522,677.00,"353,394.00"
2026-05-13,368,2026051305009456,SHIVM,82,48,300,677.00,"203,100.00"
2026-05-13,369,2026051305009455,SHIVM,82,17,168,677.00,"113,736.00"
2026-05-13,370,2026051305009454,SHIVM,82,57,13,675.00,"8,775.00"
2026-05-13,371,2026051305009431,SHIVM,48,57,200,675.00,"135,000.00"
2026-05-13,372,2026051305009179,SHIVM,101,48,170,675.30,"114,801.00"
2026-05-13,373,2026051305009178,SHIVM,34,48,300,675.40,"202,620.00"
2026-05-13,374,2026051305009177,SHIVM,53,48,30,676.00,"20,280.00"
2026-05-13,375,2026051305009349,SHIVM,45,57,10,676.00,"6,760.00"
2026-05-13,376,2026051305009348,SHIVM,45,57,40,676.00,"27,040.00"
2026-05-13,377,2026051305009347,SHIVM,22,57,198,676.00,"133,848.00"
2026-05-13,378,2026051305009301,SHIVM,41,17,40,677.00,"27,080.00"
2026-05-13,379,2026051305009248,SHIVM,19,17,300,677.00,"203,100.00"
2026-05-13,380,2026051305009227,SHIVM,22,21,52,676.00,"35,152.00"
2026-05-13,381,2026051305009355,SHIVM,38,57,100,675.00,"67,500.00"
2026-05-13,382,2026051305009354,SHIVM,57,57,500,675.00,"337,500.00"
2026-05-13,383,2026051305009353,SHIVM,50,57,101,675.30,"68,205.30"
2026-05-13,384,2026051305009352,SHIVM,45,57,100,675.30,"67,530.00"
2026-05-13,385,2026051305009351,SHIVM,101,57,653,675.30,"440,970.90"
2026-05-13,386,2026051305009350,SHIVM,26,57,50,675.50,"33,775.00"
2026-05-13,387,2026051305009361,SHIVM,49,57,100,675.00,"67,500.00"
2026-05-13,388,2026051305009360,SHIVM,52,57,307,675.00,"207,225.00"
2026-05-13,389,2026051305009359,SHIVM,21,57,10,675.00,"6,750.00"
2026-05-13,390,2026051305009358,SHIVM,8,57,550,675.00,"371,250.00"
2026-05-13,391,2026051305009357,SHIVM,33,57,148,675.00,"99,900.00"
2026-05-13,392,2026051305009356,SHIVM,35,57,20,675.00,"13,500.00"
2026-05-13,393,2026051305009430,SHIVM,42,57,50,675.00,"33,750.00"
2026-05-13,394,2026051305009409,SHIVM,45,57,100,675.00,"67,500.00"
2026-05-13,395,2026051305009372,SHIVM,71,48,190,674.00,"128,060.00"
2026-05-13,396,2026051305009371,SHIVM,34,48,10,674.00,"6,740.00"
2026-05-13,397,2026051305009370,SHIVM,65,48,100,674.00,"67,400.00"
2026-05-13,398,2026051305009362,SHIVM,56,57,250,675.00,"168,750.00"
2026-05-13,399,2026051305009136,SMATA,51,56,12,768.10,"9,217.20"
2026-05-13,400,2026051305009341,SMH,1,13,54,565.00,"30,510.00"
2026-05-13,401,2026051305009340,SMH,42,13,51,565.00,"28,815.00"
2026-05-13,402,2026051305009339,SMH,14,13,20,565.10,"11,302.00"
2026-05-13,403,2026051305009338,SMH,52,13,50,565.10,"28,255.00"
2026-05-13,404,2026051305009337,SMH,57,13,25,565.20,"14,130.00"
2026-05-13,405,2026051305009111,SMH,11,58,20,570.10,"11,402.00"
2026-05-13,406,2026051305009435,SMHL,13,56,314,496.00,"155,744.00"
2026-05-13,407,2026051305009336,SMHL,13,101,213,496.00,"105,648.00"
2026-05-13,408,2026051305009290,SMHL,41,101,87,496.00,"43,152.00"
2026-05-13,409,2026051305009253,SMHL,41,58,223,496.00,"110,608.00"
2026-05-13,410,2026051305009252,SMHL,16,58,500,496.00,"248,000.00"
2026-05-13,411,2026051305009251,SMHL,52,58,210,496.00,"104,160.00"
2026-05-13,412,2026051305009250,SMHL,16,58,67,496.00,"33,232.00"
2026-05-13,413,2026051305009249,SMHL,16,58,"1,000",496.10,"496,100.00"
2026-05-13,414,2026051305009192,SMHL,16,90,65,496.00,"32,240.00"
2026-05-13,415,2026051305009191,SMHL,16,90,135,497.00,"67,095.00"
2026-05-13,416,2026051305009577,SMJC,43,45,20,454.00,"9,080.00"
2026-05-13,417,2026051305009576,SMJC,43,74,80,453.90,"36,312.00"
2026-05-13,418,2026051305009560,SMJC,19,74,10,453.90,"4,539.00"
2026-05-13,419,2026051305009463,SMJC,11,62,200,453.00,"90,600.00"
2026-05-13,420,2026051305009459,SMJC,4,45,100,453.80,"45,380.00"
2026-05-13,421,2026051305009137,SMJC,101,42,31,450.20,"13,956.20"
2026-05-13,422,2026051305009284,SONA,82,41,20,442.00,"8,840.00"
2026-05-13,423,2026051305009283,SONA,82,58,10,442.00,"4,420.00"
2026-05-13,424,2026051305009282,SONA,82,5,10,442.00,"4,420.00"
2026-05-13,425,2026051305009281,SONA,82,49,10,442.00,"4,420.00"
2026-05-13,426,2026051305009280,SONA,82,41,100,441.80,"44,180.00"
2026-05-13,427,2026051305009279,SONA,82,45,10,441.00,"4,410.00"
2026-05-13,428,2026051305009272,SONA,82,74,40,439.50,"17,580.00"
2026-05-13,429,2026051305009092,SONA,57,6,10,437.00,"4,370.00"
2026-05-13,430,2026051305009278,SONA,82,51,10,441.00,"4,410.00"
2026-05-13,431,2026051305009277,SONA,82,49,10,441.00,"4,410.00"
2026-05-13,432,2026051305009276,SONA,82,26,500,441.00,"220,500.00"
2026-05-13,433,2026051305009275,SONA,82,6,100,440.00,"44,000.00"
2026-05-13,434,2026051305009274,SONA,82,35,20,440.00,"8,800.00"
2026-05-13,435,2026051305009273,SONA,82,80,160,440.00,"70,400.00"
2026-05-13,436,2026051305009515,SPL,92,51,15,726.00,"10,890.00"
2026-05-13,437,2026051305009514,SPL,92,49,65,725.00,"47,125.00"
2026-05-13,438,2026051305009513,SPL,92,64,105,725.00,"76,125.00"
2026-05-13,439,2026051305009512,SPL,92,3,10,725.00,"7,250.00"
2026-05-13,440,2026051305009511,SPL,92,49,10,725.00,"7,250.00"
2026-05-13,441,2026051305009510,SPL,92,58,110,725.00,"79,750.00"
2026-05-13,442,2026051305009503,SPL,92,91,10,713.00,"7,130.00"
2026-05-13,443,2026051305009502,SPL,92,56,50,711.00,"35,550.00"
2026-05-13,444,2026051305009501,SPL,92,49,10,710.00,"7,100.00"
2026-05-13,445,2026051305009500,SPL,92,74,100,710.00,"71,000.00"
2026-05-13,446,2026051305009509,SPL,92,74,100,724.00,"72,400.00"
2026-05-13,447,2026051305009508,SPL,92,74,30,723.90,"21,717.00"
2026-05-13,448,2026051305009507,SPL,92,14,80,723.80,"57,904.00"
2026-05-13,449,2026051305009506,SPL,92,47,20,720.00,"14,400.00"
2026-05-13,450,2026051305009505,SPL,92,52,185,716.80,"132,608.00"
2026-05-13,451,2026051305009504,SPL,92,74,100,713.10,"71,310.00"
2026-05-13,452,2026051305009499,STC,32,33,220,"5,925.00","1,303,500.00"
2026-05-13,453,2026051305009498,STC,32,7,10,"5,924.00","59,240.00"
2026-05-13,454,2026051305009497,STC,32,1,20,"5,920.00","118,400.00"
2026-05-13,455,2026051305009496,STC,32,26,100,"5,900.00","590,000.00"
2026-05-13,456,2026051305009470,TAMOR,33,42,10,441.20,"4,412.00"
2026-05-13,457,2026051305009388,TAMOR,33,47,912,441.20,"402,374.40"
2026-05-13,458,2026051305009387,TAMOR,66,47,88,442.00,"38,896.00"
2026-05-13,459,2026051305009297,TAMOR,66,14,22,442.00,"9,724.00"
2026-05-13,460,2026051305009247,TAMOR,66,80,100,442.00,"44,200.00"
2026-05-13,461,2026051305009246,TAMOR,66,21,50,442.00,"22,100.00"
2026-05-13,462,2026051305009245,TAMOR,66,26,10,442.00,"4,420.00"
2026-05-13,463,2026051305009244,TAMOR,66,7,10,442.00,"4,420.00"
2026-05-13,464,2026051305009243,TAMOR,66,3,10,442.00,"4,420.00"
2026-05-13,465,2026051305009242,TAMOR,66,36,500,442.00,"221,000.00"
2026-05-13,466,2026051305009241,TAMOR,66,36,210,442.00,"92,820.00"
2026-05-13,467,2026051305009190,TPC,40,44,20,369.00,"7,380.00"
2026-05-13,468,2026051305009135,TPC,49,10,300,369.00,"110,700.00"
2026-05-13,469,2026051305009134,TPC,49,1,500,368.90,"184,450.00"
2026-05-13,470,2026051305009133,TPC,49,58,30,368.50,"11,055.00"
2026-05-13,471,2026051305009558,TSHL,48,14,10,605.00,"6,050.00"
2026-05-13,472,2026051305009575,TVCL,14,14,117,525.00,"61,425.00"
2026-05-13,473,2026051305009574,TVCL,14,58,30,525.00,"15,750.00"
2026-05-13,474,2026051305009573,TVCL,14,49,30,525.00,"15,750.00"
2026-05-13,475,2026051305009572,TVCL,14,57,70,521.00,"36,470.00"
2026-05-13,476,2026051305009571,TVCL,14,51,100,520.00,"52,000.00"
2026-05-13,477,2026051305009570,TVCL,14,58,13,520.00,"6,760.00"
2026-05-13,478,2026051305009569,TVCL,14,58,40,520.00,"20,800.00"
2026-05-13,479,2026051305009568,TVCL,14,48,200,520.00,"104,000.00"
2026-05-13,480,2026051305009567,TVCL,14,42,400,517.00,"206,800.00"
2026-05-13,481,2026051305009485,UHEWA,84,32,103,566.10,"58,308.30"
2026-05-13,482,2026051305009484,UHEWA,53,32,90,567.00,"51,030.00"
2026-05-13,483,2026051305009483,UHEWA,46,32,10,567.00,"5,670.00"
2026-05-13,484,2026051305009482,UHEWA,43,32,104,567.10,"58,978.40"
2026-05-13,485,2026051305009481,UHEWA,49,32,35,567.20,"19,852.00"
2026-05-13,486,2026051305009480,UHEWA,48,32,39,567.20,"22,120.80"
2026-05-13,487,2026051305009439,UHEWA,21,17,92,567.30,"52,191.60"
2026-05-13,488,2026051305009141,UHEWA,48,66,11,567.20,"6,239.20"
2026-05-13,489,2026051305009487,ULHC,56,44,10,493.00,"4,930.00"
2026-05-13,490,2026051305009432,ULHC,56,44,10,493.00,"4,930.00"
2026-05-13,491,2026051305009321,ULHC,58,42,"5,580",490.00,"2,734,200.00"
2026-05-13,492,2026051305009320,ULHC,44,42,300,490.20,"147,060.00"
2026-05-13,493,2026051305009319,ULHC,44,42,120,490.20,"58,824.00"
2026-05-13,494,2026051305009271,ULHC,56,44,10,493.00,"4,930.00"
2026-05-13,495,2026051305009559,USHL,34,18,10,628.80,"6,288.00"
2026-05-13,496,2026051305009434,USHL,74,101,30,620.00,"18,600.00"
2026-05-13,497,2026051305009433,USHL,51,101,40,623.00,"24,920.00"
2026-05-13,498,2026051305009091,USHL,51,17,10,623.00,"6,230.00"
2026-05-13,499,2026051305009405,VLUCL,58,58,100,480.90,"48,090.00"
2026-05-13,500,2026051305009392,VLUCL,35,34,10,480.80,"4,808.00"
2026-05-13,501,2026051305009042,AHL,6,42,30,502.00,"15,060.00"
2026-05-13,502,2026051305008645,AHL,28,56,10,502.00,"5,020.00"
2026-05-13,503,2026051305008686,BBC,6,39,10,"4,745.10","47,451.00"
2026-05-13,504,2026051305008867,BEDC,21,42,30,360.00,"10,800.00"
2026-05-13,505,2026051305008866,BEDC,42,42,50,360.00,"18,000.00"
2026-05-13,506,2026051305008731,BEDC,42,34,100,360.00,"36,000.00"
2026-05-13,507,2026051305008609,BEDC,58,44,70,360.20,"25,214.00"
2026-05-13,508,2026051305009074,BGWT,47,14,100,655.00,"65,500.00"
2026-05-13,509,2026051305009073,BGWT,47,51,11,655.00,"7,205.00"
2026-05-13,510,2026051305009072,BGWT,47,58,11,655.00,"7,205.00"
2026-05-13,511,2026051305009071,BGWT,47,38,103,655.00,"67,465.00"
2026-05-13,512,2026051305009000,BGWT,46,6,10,654.90,"6,549.00"
2026-05-13,513,2026051305008816,BGWT,47,38,200,653.00,"130,600.00"
2026-05-13,514,2026051305009030,BHDC,85,43,10,463.20,"4,632.00"
2026-05-13,515,2026051305008947,BHDC,6,56,110,461.00,"50,710.00"
2026-05-13,516,2026051305008679,BHDC,85,56,10,463.30,"4,633.00"
2026-05-13,517,2026051305008945,BHL,54,45,50,222.00,"11,100.00"
2026-05-13,518,2026051305008944,BHL,54,49,200,222.00,"44,400.00"
2026-05-13,519,2026051305008943,BHL,54,49,50,222.00,"11,100.00"
2026-05-13,520,2026051305008942,BHL,54,41,"1,000",222.00,"222,000.00"
2026-05-13,521,2026051305008941,BHL,54,58,50,222.00,"11,100.00"
2026-05-13,522,2026051305008940,BHL,54,48,420,222.00,"93,240.00"
2026-05-13,523,2026051305008717,BHL,51,42,162,221.80,"35,931.60"
2026-05-13,524,2026051305008939,BHL,54,45,290,222.00,"64,380.00"
2026-05-13,525,2026051305008938,BHL,54,53,100,221.90,"22,190.00"
2026-05-13,526,2026051305008937,BHL,54,74,20,221.90,"4,438.00"
2026-05-13,527,2026051305008880,BHL,58,11,743,221.60,"164,648.80"
2026-05-13,528,2026051305008879,BHL,51,11,17,221.80,"3,770.60"
2026-05-13,529,2026051305008817,BHL,51,66,20,221.80,"4,436.00"
2026-05-13,530,2026051305009026,CHDC,41,97,61,"2,282.70","139,244.70"
2026-05-13,531,2026051305009025,CHDC,41,39,14,"2,282.70","31,957.80"
2026-05-13,532,2026051305009024,CHDC,41,39,25,"2,282.00","57,050.00"
2026-05-13,533,2026051305008855,CHDC,85,39,10,"2,282.70","22,827.00"
2026-05-13,534,2026051305008854,CHDC,85,50,133,"2,282.50","303,572.50"
2026-05-13,535,2026051305008853,CHDC,85,39,20,"2,282.50","45,650.00"
2026-05-13,536,2026051305008852,CHDC,85,39,25,"2,282.00","57,050.00"
2026-05-13,537,2026051305009075,CIT,10,48,10,"1,766.00","17,660.00"
2026-05-13,538,2026051305008958,CIT,41,28,179,"1,770.00","316,830.00"
2026-05-13,539,2026051305008957,CIT,41,32,46,"1,769.90","81,415.40"
2026-05-13,540,2026051305008714,CIT,17,57,13,"1,766.00","22,958.00"
2026-05-13,541,2026051305008959,CLI,16,59,13,454.30,"5,905.90"
2026-05-13,542,2026051305008742,CLI,29,58,10,455.00,"4,550.00"
2026-05-13,543,2026051305008845,DOLTI,91,34,200,348.30,"69,660.00"
2026-05-13,544,2026051305009066,DORDI,42,32,10,272.90,"2,729.00"
2026-05-13,545,2026051305008933,DORDI,35,35,314,271.60,"85,282.40"
2026-05-13,546,2026051305008932,DORDI,42,35,80,271.60,"21,728.00"
2026-05-13,547,2026051305008931,DORDI,56,35,77,271.60,"20,913.20"
2026-05-13,548,2026051305008930,DORDI,58,35,29,272.00,"7,888.00"
2026-05-13,549,2026051305008882,DORDI,58,57,10,272.00,"2,720.00"
2026-05-13,550,2026051305009065,GCIL,57,53,1,413.00,413.00
2026-05-13,551,2026051305009051,GCIL,57,11,1,413.00,413.00
2026-05-13,552,2026051305009034,GCIL,57,29,1,413.00,413.00
2026-05-13,553,2026051305008983,GCIL,57,45,2,413.00,826.00
2026-05-13,554,2026051305009006,GCIL,57,50,2,413.00,826.00
2026-05-13,555,2026051305008967,GVL,45,10,68,488.00,"33,184.00"
2026-05-13,556,2026051305008966,GVL,45,58,11,488.00,"5,368.00"
2026-05-13,557,2026051305008965,GVL,45,6,10,488.00,"4,880.00"
2026-05-13,558,2026051305008964,GVL,45,39,11,488.00,"5,368.00"
2026-05-13,559,2026051305008856,GVL,51,58,11,487.20,"5,359.20"
2026-05-13,560,2026051305008767,HATHY,21,62,57,805.00,"45,885.00"
2026-05-13,561,2026051305008766,HATHY,44,62,200,805.00,"161,000.00"
2026-05-13,562,2026051305008765,HATHY,38,62,229,805.00,"184,345.00"
2026-05-13,563,2026051305008764,HATHY,34,62,10,805.00,"8,050.00"
2026-05-13,564,2026051305008763,HATHY,13,62,64,805.00,"51,520.00"
2026-05-13,565,2026051305008762,HATHY,45,62,10,805.10,"8,051.00"
2026-05-13,566,2026051305008761,HATHY,58,62,405,805.20,"326,106.00"
2026-05-13,567,2026051305008760,HATHY,47,62,25,805.50,"20,137.50"
2026-05-13,568,2026051305009068,HDL,45,70,15,"1,156.50","17,347.50"
2026-05-13,569,2026051305009064,HDL,90,42,56,"1,157.00","64,792.00"
2026-05-13,570,2026051305008641,HDL,90,90,"1,000","1,158.50","1,158,500.00"
2026-05-13,571,2026051305008721,HDL,33,90,54,"1,158.00","62,532.00"
2026-05-13,572,2026051305008720,HDL,36,90,10,"1,158.00","11,580.00"
2026-05-13,573,2026051305008719,HDL,26,90,25,"1,158.00","28,950.00"
2026-05-13,574,2026051305008718,HDL,25,90,11,"1,158.00","12,738.00"
2026-05-13,575,2026051305008649,HDL,90,90,"1,000","1,158.50","1,158,500.00"
2026-05-13,576,2026051305008844,HDL,35,42,10,"1,158.00","11,580.00"
2026-05-13,577,2026051305008748,HDL,52,42,10,"1,158.00","11,580.00"
2026-05-13,578,2026051305008747,HDL,58,42,20,"1,158.00","23,160.00"
2026-05-13,579,2026051305008746,HDL,33,42,76,"1,158.00","88,008.00"
2026-05-13,580,2026051305008745,HDL,33,49,20,"1,158.00","23,160.00"
2026-05-13,581,2026051305009004,HDL,45,42,10,"1,157.00","11,570.00"
2026-05-13,582,2026051305009003,HDL,47,42,100,"1,157.00","115,700.00"
2026-05-13,583,2026051305009002,HDL,58,42,20,"1,157.00","23,140.00"
2026-05-13,584,2026051305009001,HDL,13,42,15,"1,157.00","17,355.00"
2026-05-13,585,2026051305008996,HHL,98,33,290,374.00,"108,460.00"
2026-05-13,586,2026051305008788,HHL,62,19,6,365.00,"2,190.00"
2026-05-13,587,2026051305009078,HIDCL,35,57,131,267.40,"35,029.40"
2026-05-13,588,2026051305008716,HIDCL,89,58,25,267.20,"6,680.00"
2026-05-13,589,2026051305008715,HIDCL,38,58,75,267.30,"20,047.50"
2026-05-13,590,2026051305008621,HIDCL,26,18,90,267.60,"24,084.00"
2026-05-13,591,2026051305009050,HRL,22,95,209,677.10,"141,513.90"
2026-05-13,592,2026051305009049,HRL,56,95,100,678.00,"67,800.00"
2026-05-13,593,2026051305009048,HRL,13,95,40,678.00,"27,120.00"
2026-05-13,594,2026051305009047,HRL,58,95,22,678.00,"14,916.00"
2026-05-13,595,2026051305009046,HRL,57,95,50,678.00,"33,900.00"
2026-05-13,596,2026051305008695,HRL,43,58,10,682.00,"6,820.00"
2026-05-13,597,2026051305008694,HRL,43,17,90,682.00,"61,380.00"
2026-05-13,598,2026051305008750,HRL,57,4,68,681.00,"46,308.00"
2026-05-13,599,2026051305008704,HRL,54,39,80,682.00,"54,560.00"
2026-05-13,600,2026051305008703,HRL,54,10,10,682.00,"6,820.00"
2026-05-13,601,2026051305008702,HRL,54,32,10,682.00,"6,820.00"
2026-05-13,602,2026051305008758,HRL,42,25,10,679.00,"6,790.00"
2026-05-13,603,2026051305008757,HRL,49,25,49,680.00,"33,320.00"
2026-05-13,604,2026051305008756,HRL,85,25,500,680.00,"340,000.00"
2026-05-13,605,2026051305008755,HRL,42,25,50,680.20,"34,010.00"
2026-05-13,606,2026051305008754,HRL,57,25,82,681.00,"55,842.00"
2026-05-13,607,2026051305008874,HRL,42,4,10,680.00,"6,800.00"
2026-05-13,608,2026051305008851,HRL,78,4,100,680.00,"68,000.00"
2026-05-13,609,2026051305008963,HRL,19,13,50,678.20,"33,910.00"
2026-05-13,610,2026051305008962,HRL,45,13,20,678.20,"13,564.00"
2026-05-13,611,2026051305008950,HRL,26,45,110,679.00,"74,690.00"
2026-05-13,612,2026051305008949,HRL,57,45,10,679.00,"6,790.00"
2026-05-13,613,2026051305008948,HRL,25,45,44,679.10,"29,880.40"
2026-05-13,614,2026051305008988,HRL,21,25,41,678.00,"27,798.00"
2026-05-13,615,2026051305008987,HRL,49,25,10,678.00,"6,780.00"
2026-05-13,616,2026051305008986,HRL,34,25,10,678.00,"6,780.00"
2026-05-13,617,2026051305008985,HRL,25,25,50,678.00,"33,900.00"
2026-05-13,618,2026051305008984,HRL,13,25,190,678.10,"128,839.00"
2026-05-13,619,2026051305009045,HRL,42,95,20,678.00,"13,560.00"
2026-05-13,620,2026051305009044,HRL,17,95,50,678.00,"33,900.00"
2026-05-13,621,2026051305009043,HRL,21,95,59,678.00,"40,002.00"
2026-05-13,622,2026051305009041,HRL,11,13,130,678.20,"88,166.00"
2026-05-13,623,2026051305008876,ILI,34,58,10,436.00,"4,360.00"
2026-05-13,624,2026051305008658,ILI,51,34,12,435.00,"5,220.00"
2026-05-13,625,2026051305008981,KDBY,58,49,100,11.27,"1,127.00"
2026-05-13,626,2026051305008952,KDBY,58,49,100,11.27,"1,127.00"
2026-05-13,627,2026051305008999,MAKAR,41,49,10,485.00,"4,850.00"
2026-05-13,628,2026051305008685,MAKAR,39,8,"1,000",486.00,"486,000.00"
2026-05-13,629,2026051305008971,MANDU,47,42,10,810.00,"8,100.00"
2026-05-13,630,2026051305008861,MBJC,16,56,10,282.00,"2,820.00"
2026-05-13,631,2026051305008977,MEHL,48,39,140,382.90,"53,606.00"
2026-05-13,632,2026051305008976,MEHL,48,49,10,380.00,"3,800.00"
2026-05-13,633,2026051305008975,MEHL,48,25,10,380.00,"3,800.00"
2026-05-13,634,2026051305008974,MEHL,48,58,10,380.00,"3,800.00"
2026-05-13,635,2026051305008973,MEHL,48,49,10,379.00,"3,790.00"
2026-05-13,636,2026051305008972,MEHL,48,32,20,378.90,"7,578.00"
2026-05-13,637,2026051305009063,MEL,49,51,102,226.50,"23,103.00"
2026-05-13,638,2026051305008617,MEL,36,51,50,227.30,"11,365.00"
2026-05-13,639,2026051305008616,MEL,53,51,210,227.30,"47,733.00"
2026-05-13,640,2026051305008737,MEL,53,51,210,227.20,"47,712.00"
2026-05-13,641,2026051305008736,MEL,38,51,200,227.20,"45,440.00"
2026-05-13,642,2026051305008782,MEL,58,51,65,227.20,"14,768.00"
2026-05-13,643,2026051305008828,MEL,17,51,200,227.00,"45,400.00"
2026-05-13,644,2026051305008827,MEL,42,51,100,227.00,"22,700.00"
2026-05-13,645,2026051305008826,MEL,57,51,75,227.00,"17,025.00"
2026-05-13,646,2026051305008825,MEL,45,51,55,227.00,"12,485.00"
2026-05-13,647,2026051305008824,MEL,48,51,280,227.00,"63,560.00"
2026-05-13,648,2026051305008823,MEL,25,51,40,227.10,"9,084.00"
2026-05-13,649,2026051305008883,MEL,42,51,40,227.00,"9,080.00"
2026-05-13,650,2026051305008878,MEL,41,51,100,227.00,"22,700.00"
2026-05-13,651,2026051305008862,MEL,21,51,100,227.00,"22,700.00"
2026-05-13,652,2026051305008829,MEL,41,51,10,227.00,"2,270.00"
2026-05-13,653,2026051305008884,MEL,42,42,210,227.00,"47,670.00"
2026-05-13,654,2026051305008982,MEL,13,17,10,226.50,"2,265.00"
2026-05-13,655,2026051305009028,MEL,13,51,18,226.50,"4,077.00"
2026-05-13,656,2026051305009005,MEL,13,6,92,226.50,"20,838.00"
2026-05-13,657,2026051305008809,MHCL,34,14,10,348.50,"3,485.00"
2026-05-13,658,2026051305008740,MHL,52,45,20,493.00,"9,860.00"
2026-05-13,659,2026051305008744,MKHC,42,80,140,317.00,"44,380.00"
2026-05-13,660,2026051305008653,MKHC,42,25,109,317.00,"34,553.00"
2026-05-13,661,2026051305008652,MKHC,39,25,90,317.10,"28,539.00"
2026-05-13,662,2026051305008936,MKHL,42,58,20,515.30,"10,306.00"
2026-05-13,663,2026051305008935,MKHL,32,58,10,515.40,"5,154.00"
2026-05-13,664,2026051305008934,MKHL,32,58,12,515.40,"6,184.80"
2026-05-13,665,2026051305008687,MKHL,32,47,10,515.40,"5,154.00"
2026-05-13,666,2026051305008693,MKJC,36,72,10,490.00,"4,900.00"
2026-05-13,667,2026051305008692,MKJC,36,3,140,490.00,"68,600.00"
2026-05-13,668,2026051305008749,MMF1,48,52,500,9.50,"4,750.00"
2026-05-13,669,2026051305008753,MMKJL,39,26,10,480.00,"4,800.00"
2026-05-13,670,2026051305008752,MMKJL,39,34,10,480.00,"4,800.00"
2026-05-13,671,2026051305008818,MSHL,1,60,50,691.60,"34,580.00"
2026-05-13,672,2026051305008859,NIBSF2,39,52,100,9.47,947.00
2026-05-13,673,2026051305009070,NIFRA,21,34,21,263.00,"5,523.00"
2026-05-13,674,2026051305008961,NIFRA,17,45,10,262.20,"2,622.00"
2026-05-13,675,2026051305008921,NIFRA,17,39,49,262.20,"12,847.80"
2026-05-13,676,2026051305008896,NIFRA,17,17,400,262.20,"104,880.00"
2026-05-13,677,2026051305008875,NIFRA,17,42,25,262.20,"6,555.00"
2026-05-13,678,2026051305008860,NIFRA,17,60,54,262.20,"14,158.80"
2026-05-13,679,2026051305008666,NIFRA,43,74,54,262.30,"14,164.20"
2026-05-13,680,2026051305008639,NIFRA,58,29,46,262.90,"12,093.40"
2026-05-13,681,2026051305008814,NIFRA,49,38,100,263.00,"26,300.00"
2026-05-13,682,2026051305008813,NIFRA,49,99,123,263.00,"32,349.00"
2026-05-13,683,2026051305008812,NIFRA,51,39,113,262.30,"29,639.90"
2026-05-13,684,2026051305008811,NIFRA,43,39,38,262.30,"9,967.40"
2026-05-13,685,2026051305008769,NIFRA,58,29,105,262.90,"27,604.50"
2026-05-13,686,2026051305008768,NIFRA,43,56,54,262.30,"14,164.20"
2026-05-13,687,2026051305008849,NIFRA,49,48,49,263.00,"12,887.00"
2026-05-13,688,2026051305008848,NIFRA,49,34,388,263.00,"102,044.00"
2026-05-13,689,2026051305008847,NIFRA,49,47,63,262.30,"16,524.90"
2026-05-13,690,2026051305008843,NIFRA,51,47,87,262.30,"22,820.10"
2026-05-13,691,2026051305008832,NIFRA,51,58,400,262.30,"104,920.00"
2026-05-13,692,2026051305008815,NIFRA,49,34,"1,277",263.00,"335,851.00"
2026-05-13,693,2026051305008960,NRIC,43,66,100,905.00,"90,500.00"
2026-05-13,694,2026051305008951,NRIC,10,21,46,905.00,"41,630.00"
2026-05-13,695,2026051305008922,NRIC,62,21,10,905.00,"9,050.00"
2026-05-13,696,2026051305008819,NRIC,58,14,29,904.00,"26,216.00"
2026-05-13,697,2026051305008728,NRIC,58,40,100,904.00,"90,400.00"
2026-05-13,698,2026051305008655,NRIC,58,57,20,904.00,"18,080.00"
2026-05-13,699,2026051305008654,NRIC,58,17,119,904.00,"107,576.00"
2026-05-13,700,2026051305008877,NRM,13,14,10,392.00,"3,920.00"
2026-05-13,701,2026051305008660,NRM,35,49,10,393.00,"3,930.00"
2026-05-13,702,2026051305009015,NRN,85,56,90,"1,380.00","124,200.00"
2026-05-13,703,2026051305008614,NRN,58,21,39,"1,376.00","53,664.00"
2026-05-13,704,2026051305008665,NRN,13,21,100,"1,378.80","137,880.00"
2026-05-13,705,2026051305008858,NRN,32,66,15,"1,375.10","20,626.50"
2026-05-13,706,2026051305008923,NRN,32,38,35,"1,375.10","48,128.50"
2026-05-13,707,2026051305009014,NRN,85,61,20,"1,380.00","27,600.00"
2026-05-13,708,2026051305009013,NRN,85,21,50,"1,380.00","69,000.00"
2026-05-13,709,2026051305009012,NRN,85,3,50,"1,379.90","68,995.00"
2026-05-13,710,2026051305009011,NRN,85,21,100,"1,378.90","137,890.00"
2026-05-13,711,2026051305009010,NRN,85,38,40,"1,375.10","55,004.00"
2026-05-13,712,2026051305008980,NTC,41,34,225,890.00,"200,250.00"
2026-05-13,713,2026051305008968,NTC,49,34,150,890.00,"133,500.00"
2026-05-13,714,2026051305008822,NTC,11,34,10,890.00,"8,900.00"
2026-05-13,715,2026051305008821,NTC,11,43,68,890.00,"60,520.00"
2026-05-13,716,2026051305008820,NTC,11,49,22,889.50,"19,569.00"
2026-05-13,717,2026051305008733,NTC,35,49,42,889.50,"37,359.00"
2026-05-13,718,2026051305008681,NTC,52,49,30,889.50,"26,685.00"
2026-05-13,719,2026051305008680,NTC,57,49,24,889.50,"21,348.00"
2026-05-13,720,2026051305008954,PPL,45,42,10,346.20,"3,462.00"
2026-05-13,721,2026051305008871,RFPL,74,42,10,366.50,"3,665.00"
2026-05-13,722,2026051305008850,RFPL,58,62,10,367.00,"3,670.00"
2026-05-13,723,2026051305008615,RFPL,58,17,140,367.00,"51,380.00"
2026-05-13,724,2026051305008612,RFPL,1,17,50,367.00,"18,350.00"
2026-05-13,725,2026051305008611,RFPL,51,17,40,367.00,"14,680.00"
2026-05-13,726,2026051305008610,RFPL,57,17,50,367.00,"18,350.00"
2026-05-13,727,2026051305008701,RHGCL,45,56,115,293.00,"33,695.00"
2026-05-13,728,2026051305008700,RHGCL,46,56,100,293.10,"29,310.00"
2026-05-13,729,2026051305008699,RHGCL,17,56,180,293.50,"52,830.00"
2026-05-13,730,2026051305008698,RHGCL,58,56,105,294.00,"30,870.00"
2026-05-13,731,2026051305008579,RHGCL,41,58,20,295.00,"5,900.00"
2026-05-13,732,2026051305009037,RNLI,4,13,10,461.00,"4,610.00"
2026-05-13,733,2026051305009036,RNLI,4,48,12,461.00,"5,532.00"
2026-05-13,734,2026051305009035,RNLI,4,25,688,461.00,"317,168.00"
2026-05-13,735,2026051305008946,RNLI,100,49,12,460.60,"5,527.20"
2026-05-13,736,2026051305008898,RNLI,100,45,286,460.60,"131,731.60"
2026-05-13,737,2026051305008895,RNLI,100,22,150,460.60,"69,090.00"
2026-05-13,738,2026051305008607,RNLI,52,41,20,460.70,"9,214.00"
2026-05-13,739,2026051305008606,RNLI,42,41,20,460.80,"9,216.00"
2026-05-13,740,2026051305008605,RNLI,42,41,20,460.90,"9,218.00"
2026-05-13,741,2026051305008604,RNLI,4,41,113,460.90,"52,081.70"
2026-05-13,742,2026051305008759,RNLI,100,44,12,460.60,"5,527.20"
2026-05-13,743,2026051305008608,RNLI,100,41,27,460.60,"12,436.20"
2026-05-13,744,2026051305009077,SAHAS,64,39,75,658.00,"49,350.00"
2026-05-13,745,2026051305009076,SAHAS,64,58,25,658.00,"16,450.00"
2026-05-13,746,2026051305009069,SAHAS,58,17,100,657.40,"65,740.00"
2026-05-13,747,2026051305009067,SAHAS,65,49,50,657.00,"32,850.00"
2026-05-13,748,2026051305009062,SAHAS,65,14,13,657.00,"8,541.00"
2026-05-13,749,2026051305009059,SAHAS,65,19,50,657.00,"32,850.00"
2026-05-13,750,2026051305008631,SAHAS,21,42,50,654.00,"32,700.00"
2026-05-13,751,2026051305008630,SAHAS,21,13,10,654.00,"6,540.00"
2026-05-13,752,2026051305008629,SAHAS,58,45,10,653.80,"6,538.00"
2026-05-13,753,2026051305008603,SAHAS,50,26,13,653.10,"8,490.30"
2026-05-13,754,2026051305008602,SAHAS,8,33,300,653.10,"195,930.00"
2026-05-13,755,2026051305008637,SAHAS,21,1,100,654.40,"65,440.00"
2026-05-13,756,2026051305008636,SAHAS,21,4,200,654.00,"130,800.00"
2026-05-13,757,2026051305008635,SAHAS,21,21,103,654.00,"67,362.00"
2026-05-13,758,2026051305008634,SAHAS,21,58,35,654.00,"22,890.00"
2026-05-13,759,2026051305008633,SAHAS,21,58,726,654.00,"474,804.00"
2026-05-13,760,2026051305008632,SAHAS,21,45,200,654.00,"130,800.00"
2026-05-13,761,2026051305008657,SAHAS,52,19,265,653.00,"173,045.00"
2026-05-13,762,2026051305008656,SAHAS,52,19,107,653.00,"69,871.00"
2026-05-13,763,2026051305008644,SAHAS,62,19,250,653.00,"163,250.00"
2026-05-13,764,2026051305008643,SAHAS,50,19,37,653.10,"24,164.70"
2026-05-13,765,2026051305008640,SAHAS,58,45,350,653.20,"228,620.00"
2026-05-13,766,2026051305008638,SAHAS,21,40,76,654.90,"49,772.40"
2026-05-13,767,2026051305008683,SAHAS,44,58,11,654.00,"7,194.00"
2026-05-13,768,2026051305008664,SAHAS,44,45,13,654.00,"8,502.00"
2026-05-13,769,2026051305008663,SAHAS,44,45,650,653.20,"424,580.00"
2026-05-13,770,2026051305008662,SAHAS,44,76,13,653.10,"8,490.30"
2026-05-13,771,2026051305008661,SAHAS,44,19,135,653.00,"88,155.00"
2026-05-13,772,2026051305008659,SAHAS,58,19,100,653.00,"65,300.00"
2026-05-13,773,2026051305008729,SAHAS,42,33,98,654.00,"64,092.00"
2026-05-13,774,2026051305008697,SAHAS,58,33,11,654.00,"7,194.00"
2026-05-13,775,2026051305008696,SAHAS,44,33,130,654.00,"85,020.00"
2026-05-13,776,2026051305008691,SAHAS,44,42,98,654.00,"64,092.00"
2026-05-13,777,2026051305008690,SAHAS,58,40,55,654.90,"36,019.50"
2026-05-13,778,2026051305008689,SAHAS,58,42,90,654.80,"58,932.00"
2026-05-13,779,2026051305008772,SAHAS,44,42,"1,000",654.90,"654,900.00"
2026-05-13,780,2026051305008771,SAHAS,44,40,666,654.90,"436,163.40"
2026-05-13,781,2026051305008739,SAHAS,100,40,203,654.90,"132,944.70"
2026-05-13,782,2026051305008738,SAHAS,100,58,798,654.70,"522,450.60"
2026-05-13,783,2026051305008732,SAHAS,8,56,150,653.00,"97,950.00"
2026-05-13,784,2026051305008730,SAHAS,42,58,202,654.70,"132,249.40"
2026-05-13,785,2026051305008778,SAHAS,44,50,100,655.00,"65,500.00"
2026-05-13,786,2026051305008777,SAHAS,44,14,13,655.00,"8,515.00"
2026-05-13,787,2026051305008776,SAHAS,44,16,250,655.00,"163,750.00"
2026-05-13,788,2026051305008775,SAHAS,44,1,13,655.00,"8,515.00"
2026-05-13,789,2026051305008774,SAHAS,44,28,50,654.90,"32,745.00"
2026-05-13,790,2026051305008773,SAHAS,44,1,13,654.90,"8,513.70"
2026-05-13,791,2026051305008835,SAHAS,81,17,100,654.90,"65,490.00"
2026-05-13,792,2026051305008834,SAHAS,81,56,100,654.90,"65,490.00"
2026-05-13,793,2026051305008833,SAHAS,81,58,"1,000",654.90,"654,900.00"
2026-05-13,794,2026051305008781,SAHAS,44,14,109,655.00,"71,395.00"
2026-05-13,795,2026051305008780,SAHAS,44,41,13,655.00,"8,515.00"
2026-05-13,796,2026051305008779,SAHAS,44,34,100,655.00,"65,500.00"
2026-05-13,797,2026051305008841,SAHAS,81,28,800,655.00,"524,000.00"
2026-05-13,798,2026051305008840,SAHAS,81,58,13,655.00,"8,515.00"
2026-05-13,799,2026051305008839,SAHAS,81,17,400,655.00,"262,000.00"
2026-05-13,800,2026051305008838,SAHAS,81,62,13,655.00,"8,515.00"
2026-05-13,801,2026051305008837,SAHAS,81,1,13,655.00,"8,515.00"
2026-05-13,802,2026051305008836,SAHAS,81,14,392,655.00,"256,760.00"
2026-05-13,803,2026051305008872,SAHAS,42,17,100,654.90,"65,490.00"
2026-05-13,804,2026051305008870,SAHAS,57,50,100,655.00,"65,500.00"
2026-05-13,805,2026051305008868,SAHAS,42,90,100,654.90,"65,490.00"
2026-05-13,806,2026051305008865,SAHAS,53,50,10,655.00,"6,550.00"
2026-05-13,807,2026051305008857,SAHAS,35,50,70,655.00,"45,850.00"
2026-05-13,808,2026051305008842,SAHAS,81,50,169,655.00,"110,695.00"
2026-05-13,809,2026051305008889,SAHAS,34,25,100,655.00,"65,500.00"
2026-05-13,810,2026051305008888,SAHAS,34,74,500,655.00,"327,500.00"
2026-05-13,811,2026051305008887,SAHAS,34,45,100,655.00,"65,500.00"
2026-05-13,812,2026051305008886,SAHAS,34,17,255,655.00,"167,025.00"
2026-05-13,813,2026051305008885,SAHAS,34,50,527,655.00,"345,185.00"
2026-05-13,814,2026051305008881,SAHAS,42,45,100,654.90,"65,490.00"
2026-05-13,815,2026051305008897,SAHAS,77,19,21,655.00,"13,755.00"
2026-05-13,816,2026051305008894,SAHAS,34,19,300,655.00,"196,500.00"
2026-05-13,817,2026051305008893,SAHAS,34,19,500,655.00,"327,500.00"
2026-05-13,818,2026051305008892,SAHAS,34,59,500,655.00,"327,500.00"
2026-05-13,819,2026051305008891,SAHAS,34,72,392,655.00,"256,760.00"
2026-05-13,820,2026051305008890,SAHAS,34,42,26,655.00,"17,030.00"
2026-05-13,821,2026051305008904,SAHAS,8,34,29,655.00,"18,995.00"
2026-05-13,822,2026051305008903,SAHAS,52,34,471,655.00,"308,505.00"
2026-05-13,823,2026051305008902,SAHAS,52,19,50,655.00,"32,750.00"
2026-05-13,824,2026051305008901,SAHAS,52,57,200,655.00,"131,000.00"
2026-05-13,825,2026051305008900,SAHAS,52,44,100,655.00,"65,500.00"
2026-05-13,826,2026051305008899,SAHAS,52,19,179,655.00,"117,245.00"
2026-05-13,827,2026051305008910,SAHAS,8,38,13,655.00,"8,515.00"
2026-05-13,828,2026051305008909,SAHAS,8,8,13,655.00,"8,515.00"
2026-05-13,829,2026051305008908,SAHAS,8,45,13,655.00,"8,515.00"
2026-05-13,830,2026051305008907,SAHAS,8,49,350,655.00,"229,250.00"
2026-05-13,831,2026051305008906,SAHAS,8,21,50,655.00,"32,750.00"
2026-05-13,832,2026051305008905,SAHAS,8,7,13,655.00,"8,515.00"
2026-05-13,833,2026051305008916,SAHAS,82,4,12,655.00,"7,860.00"
2026-05-13,834,2026051305008915,SAHAS,82,59,100,655.00,"65,500.00"
2026-05-13,835,2026051305008914,SAHAS,82,41,530,655.00,"347,150.00"
2026-05-13,836,2026051305008913,SAHAS,82,17,50,655.00,"32,750.00"
2026-05-13,837,2026051305008912,SAHAS,82,40,281,655.00,"184,055.00"
2026-05-13,838,2026051305008911,SAHAS,8,40,219,655.00,"143,445.00"
2026-05-13,839,2026051305008925,SAHAS,11,25,13,655.00,"8,515.00"
2026-05-13,840,2026051305008924,SAHAS,11,51,173,655.00,"113,315.00"
2026-05-13,841,2026051305008920,SAHAS,82,51,327,655.00,"214,185.00"
2026-05-13,842,2026051305008919,SAHAS,82,88,"1,000",655.00,"655,000.00"
2026-05-13,843,2026051305008918,SAHAS,82,34,300,655.00,"196,500.00"
2026-05-13,844,2026051305008917,SAHAS,82,49,400,655.00,"262,000.00"
2026-05-13,845,2026051305008955,SAHAS,53,7,3,650.00,"1,950.00"
2026-05-13,846,2026051305008953,SAHAS,11,38,24,655.00,"15,720.00"
2026-05-13,847,2026051305008929,SAHAS,11,7,13,655.00,"8,515.00"
2026-05-13,848,2026051305008928,SAHAS,11,38,70,655.00,"45,850.00"
2026-05-13,849,2026051305008927,SAHAS,11,41,500,655.00,"327,500.00"
2026-05-13,850,2026051305008926,SAHAS,11,34,65,655.00,"42,575.00"
2026-05-13,851,2026051305008995,SAHAS,6,57,67,656.00,"43,952.00"
2026-05-13,852,2026051305008994,SAHAS,6,59,50,656.00,"32,800.00"
2026-05-13,853,2026051305008993,SAHAS,6,8,20,655.50,"13,110.00"
2026-05-13,854,2026051305008992,SAHAS,6,58,13,655.40,"8,520.20"
2026-05-13,855,2026051305008991,SAHAS,6,16,50,655.40,"32,770.00"
2026-05-13,856,2026051305008956,SAHAS,58,16,150,655.40,"98,310.00"
2026-05-13,857,2026051305009020,SAHAS,95,51,500,656.00,"328,000.00"
2026-05-13,858,2026051305009019,SAHAS,95,4,200,656.00,"131,200.00"
2026-05-13,859,2026051305009018,SAHAS,95,26,13,656.00,"8,528.00"
2026-05-13,860,2026051305009017,SAHAS,95,57,100,656.00,"65,600.00"
2026-05-13,861,2026051305009016,SAHAS,95,57,33,656.00,"21,648.00"
2026-05-13,862,2026051305009009,SAHAS,53,38,3,651.00,"1,953.00"
2026-05-13,863,2026051305009033,SAHAS,29,35,119,656.50,"78,123.50"
2026-05-13,864,2026051305009032,SAHAS,29,36,20,656.40,"13,128.00"
2026-05-13,865,2026051305009031,SAHAS,29,58,11,656.20,"7,218.20"
2026-05-13,866,2026051305009027,SAHAS,16,17,13,655.10,"8,516.30"
2026-05-13,867,2026051305009022,SAHAS,95,51,600,656.00,"393,600.00"
2026-05-13,868,2026051305009021,SAHAS,95,53,156,656.00,"102,336.00"
2026-05-13,869,2026051305009058,SAHAS,65,38,20,657.00,"13,140.00"
2026-05-13,870,2026051305009057,SAHAS,65,49,25,657.00,"16,425.00"
2026-05-13,871,2026051305009056,SAHAS,65,57,137,657.00,"90,009.00"
2026-05-13,872,2026051305009055,SAHAS,65,58,147,657.00,"96,579.00"
2026-05-13,873,2026051305009054,SAHAS,65,35,11,656.50,"7,221.50"
2026-05-13,874,2026051305009052,SAHAS,53,35,3,652.00,"1,956.00"
2026-05-13,875,2026051305008741,SANVI,45,49,10,671.40,"6,714.00"
2026-05-13,876,2026051305008620,SANVI,45,101,130,671.40,"87,282.00"
2026-05-13,877,2026051305008619,SANVI,22,101,60,671.50,"40,290.00"
2026-05-13,878,2026051305008618,SANVI,53,101,200,671.60,"134,320.00"
2026-05-13,879,2026051305008688,SBCF,58,22,152,10.04,"1,526.08"
2026-05-13,880,2026051305008873,SGHC,95,42,80,362.10,"28,968.00"
2026-05-13,881,2026051305008998,SHIVM,101,44,77,675.30,"51,998.10"
2026-05-13,882,2026051305008997,SHIVM,4,44,50,676.00,"33,800.00"
2026-05-13,883,2026051305008970,SHIVM,101,58,100,675.30,"67,530.00"
2026-05-13,884,2026051305008969,SHIVM,42,17,10,677.00,"6,770.00"
2026-05-13,885,2026051305008810,SHIVM,101,17,482,677.00,"326,314.00"
2026-05-13,886,2026051305008751,SHIVM,101,43,20,677.00,"13,540.00"
2026-05-13,887,2026051305008650,SHIVM,95,101,"2,000",676.00,"1,352,000.00"
2026-05-13,888,2026051305008648,SHIVM,59,56,89,675.40,"60,110.60"
2026-05-13,889,2026051305008601,SHIVM,59,50,10,675.40,"6,754.00"
2026-05-13,890,2026051305008600,SHIVM,48,101,250,676.00,"169,000.00"
2026-05-13,891,2026051305008672,SHIVM,45,101,100,675.20,"67,520.00"
2026-05-13,892,2026051305008671,SHIVM,44,101,50,675.20,"33,760.00"
2026-05-13,893,2026051305008670,SHIVM,54,101,12,675.30,"8,103.60"
2026-05-13,894,2026051305008669,SHIVM,13,101,10,675.30,"6,753.00"
2026-05-13,895,2026051305008668,SHIVM,59,101,530,675.40,"357,962.00"
2026-05-13,896,2026051305008651,SHIVM,35,101,255,676.00,"172,380.00"
2026-05-13,897,2026051305008678,SHIVM,50,101,99,675.00,"66,825.00"
2026-05-13,898,2026051305008677,SHIVM,57,101,50,675.00,"33,750.00"
2026-05-13,899,2026051305008676,SHIVM,66,101,474,675.00,"319,950.00"
2026-05-13,900,2026051305008675,SHIVM,17,101,50,675.10,"33,755.00"
2026-05-13,901,2026051305008674,SHIVM,56,101,100,675.10,"67,510.00"
2026-05-13,902,2026051305008673,SHIVM,49,101,10,675.20,"6,752.00"
2026-05-13,903,2026051305008727,SHIVM,101,34,10,677.00,"6,770.00"
2026-05-13,904,2026051305008726,SHIVM,101,8,"1,000",677.00,"677,000.00"
2026-05-13,905,2026051305008725,SHIVM,101,17,"1,000",677.00,"677,000.00"
2026-05-13,906,2026051305008724,SHIVM,101,50,10,676.90,"6,769.00"
2026-05-13,907,2026051305008723,SHIVM,101,87,458,676.80,"309,974.40"
2026-05-13,908,2026051305008722,SHIVM,101,32,20,675.50,"13,510.00"
2026-05-13,909,2026051305008979,SIKLES,45,34,70,581.00,"40,670.00"
2026-05-13,910,2026051305008978,SIKLES,45,42,10,581.00,"5,810.00"
2026-05-13,911,2026051305008990,SMATA,51,32,11,770.00,"8,470.00"
2026-05-13,912,2026051305008989,SMATA,51,22,11,770.00,"8,470.00"
2026-05-13,913,2026051305008808,SMH,42,7,449,565.00,"253,685.00"
2026-05-13,914,2026051305008807,SMH,62,7,25,566.10,"14,152.50"
2026-05-13,915,2026051305008806,SMH,44,7,30,566.10,"16,983.00"
2026-05-13,916,2026051305008805,SMH,58,7,112,567.50,"63,560.00"
2026-05-13,917,2026051305008804,SMH,1,7,50,568.00,"28,400.00"
2026-05-13,918,2026051305008803,SMH,35,7,20,568.00,"11,360.00"
2026-05-13,919,2026051305008790,SMH,14,7,20,569.30,"11,386.00"
2026-05-13,920,2026051305008789,SMH,16,7,490,570.00,"279,300.00"
2026-05-13,921,2026051305008796,SMH,53,7,100,569.00,"56,900.00"
2026-05-13,922,2026051305008795,SMH,6,7,10,569.00,"5,690.00"
2026-05-13,923,2026051305008794,SMH,34,7,15,569.00,"8,535.00"
2026-05-13,924,2026051305008793,SMH,7,7,40,569.10,"22,764.00"
2026-05-13,925,2026051305008792,SMH,95,7,100,569.10,"56,910.00"
2026-05-13,926,2026051305008791,SMH,47,7,52,569.20,"29,598.40"
2026-05-13,927,2026051305008802,SMH,4,7,95,568.00,"53,960.00"
2026-05-13,928,2026051305008801,SMH,1,7,50,568.00,"28,400.00"
2026-05-13,929,2026051305008800,SMH,22,7,745,568.00,"423,160.00"
2026-05-13,930,2026051305008799,SMH,43,7,37,568.10,"21,019.70"
2026-05-13,931,2026051305008798,SMH,52,7,10,568.10,"5,681.00"
2026-05-13,932,2026051305008797,SMH,52,7,50,568.20,"28,410.00"
2026-05-13,933,2026051305008869,SMHL,16,18,530,497.00,"263,410.00"
2026-05-13,934,2026051305008846,SMHL,16,22,11,497.00,"5,467.00"
2026-05-13,935,2026051305008786,SMHL,16,62,165,497.00,"82,005.00"
2026-05-13,936,2026051305008785,SMHL,16,45,41,497.00,"20,377.00"
2026-05-13,937,2026051305008784,SMHL,16,47,100,497.00,"49,700.00"
2026-05-13,938,2026051305008783,SMHL,16,58,18,497.00,"8,946.00"
2026-05-13,939,2026051305008743,SMHL,51,58,40,497.00,"19,880.00"
2026-05-13,940,2026051305009023,SMJC,43,74,10,453.90,"4,539.00"
2026-05-13,941,2026051305008707,SMJC,101,67,211,450.20,"94,992.20"
2026-05-13,942,2026051305008706,SMJC,11,67,40,451.10,"18,044.00"
2026-05-13,943,2026051305008705,SMJC,51,67,29,451.20,"13,084.80"
2026-05-13,944,2026051305008599,SMJC,51,7,21,451.20,"9,475.20"
2026-05-13,945,2026051305008598,SMJC,74,7,79,455.00,"35,945.00"
2026-05-13,946,2026051305009060,SONA,10,34,10,436.80,"4,368.00"
2026-05-13,947,2026051305008597,SONA,14,80,340,440.00,"149,600.00"
2026-05-13,948,2026051305008596,SONA,14,41,10,440.00,"4,400.00"
2026-05-13,949,2026051305008595,SONA,14,11,500,439.90,"219,950.00"
2026-05-13,950,2026051305008594,SONA,14,58,10,438.00,"4,380.00"
2026-05-13,951,2026051305008593,SONA,14,32,50,438.00,"21,900.00"
2026-05-13,952,2026051305008592,SONA,14,13,10,438.00,"4,380.00"
2026-05-13,953,2026051305008591,SONA,14,34,10,438.00,"4,380.00"
2026-05-13,954,2026051305008590,SONA,14,3,10,438.00,"4,380.00"
2026-05-13,955,2026051305008589,SONA,14,7,10,438.00,"4,380.00"
2026-05-13,956,2026051305008588,SONA,14,49,50,437.00,"21,850.00"
2026-05-13,957,2026051305008642,SPHL,88,10,10,514.00,"5,140.00"
2026-05-13,958,2026051305008613,SPHL,88,57,46,513.50,"23,621.00"
2026-05-13,959,2026051305008864,SPL,17,17,40,695.10,"27,804.00"
2026-05-13,960,2026051305008863,SPL,45,17,10,696.00,"6,960.00"
2026-05-13,961,2026051305009040,TAMOR,17,36,290,442.00,"128,180.00"
2026-05-13,962,2026051305009039,TAMOR,17,19,50,441.90,"22,095.00"
2026-05-13,963,2026051305009038,TAMOR,17,59,160,441.80,"70,688.00"
2026-05-13,964,2026051305009029,TAMOR,33,45,20,441.20,"8,824.00"
2026-05-13,965,2026051305009008,TAMOR,95,59,40,441.80,"17,672.00"
2026-05-13,966,2026051305009007,TAMOR,95,90,60,441.70,"26,502.00"
2026-05-13,967,2026051305008580,TAMOR,63,49,400,441.00,"176,400.00"
2026-05-13,968,2026051305008734,TAMOR,33,47,"1,000",441.40,"441,400.00"
2026-05-13,969,2026051305008667,TAMOR,38,36,"1,000",440.00,"440,000.00"
2026-05-13,970,2026051305008646,TAMOR,63,59,10,441.40,"4,414.00"
2026-05-13,971,2026051305008583,TAMOR,63,44,10,441.00,"4,410.00"
2026-05-13,972,2026051305008582,TAMOR,63,35,100,441.00,"44,100.00"
2026-05-13,973,2026051305008581,TAMOR,63,56,10,441.00,"4,410.00"
2026-05-13,974,2026051305008787,UHEWA,48,32,20,568.00,"11,360.00"
2026-05-13,975,2026051305008713,UHEWA,45,32,10,568.00,"5,680.00"
2026-05-13,976,2026051305008712,UHEWA,92,32,200,568.10,"113,620.00"
2026-05-13,977,2026051305008711,UHEWA,32,32,20,568.20,"11,364.00"
2026-05-13,978,2026051305008710,UHEWA,21,32,100,568.20,"56,820.00"
2026-05-13,979,2026051305008709,UHEWA,48,32,47,569.00,"26,743.00"
2026-05-13,980,2026051305008584,UHEWA,42,32,174,569.10,"99,023.40"
2026-05-13,981,2026051305008708,UHEWA,42,32,103,569.00,"58,607.00"
2026-05-13,982,2026051305008682,UHEWA,58,32,10,570.00,"5,700.00"
2026-05-13,983,2026051305008647,UHEWA,42,32,47,569.00,"26,743.00"
2026-05-13,984,2026051305008587,UHEWA,48,32,100,569.00,"56,900.00"
2026-05-13,985,2026051305008586,UHEWA,35,32,29,569.00,"16,501.00"
2026-05-13,986,2026051305008585,UHEWA,42,32,150,569.10,"85,365.00"
2026-05-13,987,2026051305009053,ULHC,44,49,10,490.20,"4,902.00"
2026-05-13,988,2026051305008831,ULHC,44,58,10,490.20,"4,902.00"
2026-05-13,989,2026051305008735,ULHC,71,44,100,493.00,"49,300.00"
2026-05-13,990,2026051305008770,USHEC,36,39,30,493.00,"14,790.00"
2026-05-13,991,2026051305008624,USHEC,36,66,10,490.00,"4,900.00"
2026-05-13,992,2026051305008623,USHEC,36,58,10,490.00,"4,900.00"
2026-05-13,993,2026051305008622,USHEC,36,57,10,490.00,"4,900.00"
2026-05-13,994,2026051305008628,USHEC,36,4,10,490.00,"4,900.00"
2026-05-13,995,2026051305008627,USHEC,36,58,10,490.00,"4,900.00"
2026-05-13,996,2026051305008626,USHEC,36,42,10,490.00,"4,900.00"
2026-05-13,997,2026051305008625,USHEC,36,35,10,490.00,"4,900.00"
2026-05-13,998,2026051305009061,USHL,51,49,10,623.00,"6,230.00"
2026-05-13,999,2026051305008830,VLUCL,43,8,10,475.00,"4,750.00"
2026-05-13,1000,2026051305008684,VLUCL,58,64,200,474.00,"94,800.00"
2026-05-13,1001,2026051305008500,AHL,76,42,10,507.90,"5,079.00"
2026-05-13,1002,2026051305008468,BEDC,44,44,100,360.20,"36,020.00"
2026-05-13,1003,2026051305008146,BEDC,32,19,20,359.80,"7,196.00"
2026-05-13,1004,2026051305008203,BEDC,39,13,200,359.50,"71,900.00"
2026-05-13,1005,2026051305008202,BEDC,72,13,22,359.50,"7,909.00"
2026-05-13,1006,2026051305008201,BEDC,29,13,150,359.70,"53,955.00"
2026-05-13,1007,2026051305008200,BEDC,7,13,184,359.70,"66,184.80"
2026-05-13,1008,2026051305008147,BEDC,7,19,170,359.70,"61,149.00"
2026-05-13,1009,2026051305008296,BEDC,42,90,50,360.00,"18,000.00"
2026-05-13,1010,2026051305008252,BEDC,42,90,100,360.00,"36,000.00"
2026-05-13,1011,2026051305008206,BEDC,22,13,195,359.00,"70,005.00"
2026-05-13,1012,2026051305008205,BEDC,58,13,50,359.00,"17,950.00"
2026-05-13,1013,2026051305008204,BEDC,50,13,200,359.40,"71,880.00"
2026-05-13,1014,2026051305008175,BGWT,42,57,11,650.10,"7,151.10"
2026-05-13,1015,2026051305008157,BGWT,47,38,100,650.20,"65,020.00"
2026-05-13,1016,2026051305008450,BHDC,10,19,11,460.10,"5,061.10"
2026-05-13,1017,2026051305008521,BHL,54,7,21,221.50,"4,651.50"
2026-05-13,1018,2026051305008520,BHL,58,7,19,221.60,"4,210.40"
2026-05-13,1019,2026051305008518,BHL,58,47,20,221.60,"4,432.00"
2026-05-13,1020,2026051305008517,BHL,38,74,180,221.90,"39,942.00"
2026-05-13,1021,2026051305008516,BHL,38,14,40,221.90,"8,876.00"
2026-05-13,1022,2026051305008503,BHL,54,58,13,221.50,"2,879.50"
2026-05-13,1023,2026051305008354,BHL,11,74,136,221.50,"30,124.00"
2026-05-13,1024,2026051305008353,BHL,45,74,50,221.50,"11,075.00"
2026-05-13,1025,2026051305008352,BHL,36,74,14,221.50,"3,101.00"
2026-05-13,1026,2026051305008145,BHL,36,42,13,221.50,"2,879.50"
2026-05-13,1027,2026051305008144,BHL,52,42,177,221.50,"39,205.50"
2026-05-13,1028,2026051305008111,BHL,54,92,"4,000",221.50,"886,000.00"
2026-05-13,1029,2026051305008428,BHL,54,4,67,221.50,"14,840.50"
2026-05-13,1030,2026051305008427,BHL,11,4,364,221.50,"80,626.00"
2026-05-13,1031,2026051305008426,BHL,48,4,500,221.60,"110,800.00"
2026-05-13,1032,2026051305008416,BHL,58,45,10,222.00,"2,220.00"
2026-05-13,1033,2026051305008396,BHL,11,74,200,221.90,"44,380.00"
2026-05-13,1034,2026051305008360,BHL,58,74,100,221.90,"22,190.00"
2026-05-13,1035,2026051305008215,BHPL,45,48,10,523.00,"5,230.00"
2026-05-13,1036,2026051305008214,BHPL,45,57,50,522.00,"26,100.00"
2026-05-13,1037,2026051305008213,BHPL,45,25,40,522.00,"20,880.00"
2026-05-13,1038,2026051305008174,BHPL,45,17,100,521.90,"52,190.00"
2026-05-13,1039,2026051305008478,BNHC,57,38,440,325.00,"143,000.00"
2026-05-13,1040,2026051305008477,BNHC,58,38,60,325.00,"19,500.00"
2026-05-13,1041,2026051305008120,BNHC,58,10,10,325.00,"3,250.00"
2026-05-13,1042,2026051305008322,CHDC,85,19,12,"2,267.00","27,204.00"
2026-05-13,1043,2026051305008504,CIT,16,32,14,"1,769.90","24,778.60"
2026-05-13,1044,2026051305008446,CIT,6,7,20,"1,766.00","35,320.00"
2026-05-13,1045,2026051305008399,CIT,45,32,40,"1,769.00","70,760.00"
2026-05-13,1046,2026051305008293,CIT,45,62,10,"1,769.00","17,690.00"
2026-05-13,1047,2026051305008250,CIT,5,32,10,"1,766.00","17,660.00"
2026-05-13,1048,2026051305008208,CIT,14,52,1,"1,767.00","1,767.00"
2026-05-13,1049,2026051305008207,CIT,14,44,19,"1,767.00","33,573.00"
2026-05-13,1050,2026051305008178,CKHL,34,45,10,647.00,"6,470.00"
2026-05-13,1051,2026051305008432,CLI,17,5,13,453.00,"5,889.00"
2026-05-13,1052,2026051305008407,CLI,17,32,10,453.00,"4,530.00"
2026-05-13,1053,2026051305008364,CLI,91,22,2,453.00,906.00
2026-05-13,1054,2026051305008325,CLI,62,35,3,453.00,"1,359.00"
2026-05-13,1055,2026051305008185,CLI,22,22,11,453.00,"4,983.00"
2026-05-13,1056,2026051305008118,CLI,91,36,2,453.00,906.00
2026-05-13,1057,2026051305008400,DOLTI,58,41,200,350.00,"70,000.00"
2026-05-13,1058,2026051305008347,DOLTI,14,41,23,351.00,"8,073.00"
2026-05-13,1059,2026051305008346,DOLTI,14,54,127,350.90,"44,564.30"
2026-05-13,1060,2026051305008345,DOLTI,14,57,800,350.50,"280,400.00"
2026-05-13,1061,2026051305008280,DOLTI,74,57,200,350.50,"70,100.00"
2026-05-13,1062,2026051305008224,DOLTI,57,54,140,350.90,"49,126.00"
2026-05-13,1063,2026051305008089,DOLTI,69,41,489,350.00,"171,150.00"
2026-05-13,1064,2026051305008190,DOLTI,32,54,31,350.90,"10,877.90"
2026-05-13,1065,2026051305008148,DOLTI,49,54,73,350.90,"25,615.70"
2026-05-13,1066,2026051305008143,DOLTI,69,54,500,350.90,"175,450.00"
2026-05-13,1067,2026051305008142,DOLTI,58,54,29,350.90,"10,176.10"
2026-05-13,1068,2026051305008127,DOLTI,49,18,29,350.80,"10,173.20"
2026-05-13,1069,2026051305008090,DOLTI,69,18,471,350.80,"165,226.80"
2026-05-13,1070,2026051305008496,DORDI,56,19,20,271.60,"5,432.00"
2026-05-13,1071,2026051305008285,DORDI,56,48,190,271.60,"51,604.00"
2026-05-13,1072,2026051305008284,DORDI,35,48,10,272.00,"2,720.00"
2026-05-13,1073,2026051305008283,DORDI,34,48,500,272.00,"136,000.00"
2026-05-13,1074,2026051305008282,DORDI,56,48,300,272.00,"81,600.00"
2026-05-13,1075,2026051305008121,DORDI,36,58,10,273.00,"2,730.00"
2026-05-13,1076,2026051305008388,EHPL,7,13,14,377.00,"5,278.00"
2026-05-13,1077,2026051305008387,EHPL,58,13,10,377.00,"3,770.00"
2026-05-13,1078,2026051305008386,EHPL,28,13,104,377.00,"39,208.00"
2026-05-13,1079,2026051305008385,EHPL,58,13,50,377.10,"18,855.00"
2026-05-13,1080,2026051305008384,EHPL,6,13,30,377.50,"11,325.00"
2026-05-13,1081,2026051305008383,EHPL,58,13,100,378.00,"37,800.00"
2026-05-13,1082,2026051305008382,EHPL,41,13,10,378.00,"3,780.00"
2026-05-13,1083,2026051305008381,EHPL,22,13,50,378.00,"18,900.00"
2026-05-13,1084,2026051305008380,EHPL,29,13,200,378.00,"75,600.00"
2026-05-13,1085,2026051305008379,EHPL,16,13,22,378.20,"8,320.40"
2026-05-13,1086,2026051305008110,EHPL,45,45,20,379.00,"7,580.00"
2026-05-13,1087,2026051305008091,EHPL,35,6,30,379.00,"11,370.00"
2026-05-13,1088,2026051305008499,GCIL,32,36,10,417.90,"4,179.00"
2026-05-13,1089,2026051305008490,GCIL,32,35,12,417.00,"5,004.00"
2026-05-13,1090,2026051305008489,GCIL,32,45,58,417.00,"24,186.00"
2026-05-13,1091,2026051305008107,GCIL,48,22,20,413.00,"8,260.00"
2026-05-13,1092,2026051305008106,GCIL,58,22,100,413.00,"41,300.00"
2026-05-13,1093,2026051305008105,GCIL,45,22,50,413.00,"20,650.00"
2026-05-13,1094,2026051305008104,GCIL,44,22,40,413.00,"16,520.00"
2026-05-13,1095,2026051305008103,GCIL,45,22,100,413.10,"41,310.00"
2026-05-13,1096,2026051305008343,GCIL,34,56,30,413.10,"12,393.00"
2026-05-13,1097,2026051305008331,GCIL,32,56,37,413.20,"15,288.40"
2026-05-13,1098,2026051305008327,GCIL,49,56,100,413.20,"41,320.00"
2026-05-13,1099,2026051305008420,GCIL,19,56,102,412.70,"42,095.40"
2026-05-13,1100,2026051305008357,GCIL,8,56,242,413.00,"99,946.00"
2026-05-13,1101,2026051305008356,GCIL,48,56,30,413.00,"12,390.00"
2026-05-13,1102,2026051305008440,GCIL,32,7,37,414.00,"15,318.00"
2026-05-13,1103,2026051305008425,GCIL,66,56,50,412.20,"20,610.00"
2026-05-13,1104,2026051305008424,GCIL,42,56,100,412.30,"41,230.00"
2026-05-13,1105,2026051305008423,GCIL,10,56,60,412.40,"24,744.00"
2026-05-13,1106,2026051305008422,GCIL,10,56,50,412.40,"20,620.00"
2026-05-13,1107,2026051305008421,GCIL,45,56,50,412.50,"20,625.00"
2026-05-13,1108,2026051305008488,GCIL,32,58,12,416.50,"4,998.00"
2026-05-13,1109,2026051305008487,GCIL,32,22,23,416.00,"9,568.00"
2026-05-13,1110,2026051305008486,GCIL,32,4,100,416.00,"41,600.00"
2026-05-13,1111,2026051305008485,GCIL,32,57,12,415.00,"4,980.00"
2026-05-13,1112,2026051305008255,GIBF1,42,49,150,10.66,"1,599.00"
2026-05-13,1113,2026051305008482,GVL,51,47,10,487.20,"4,872.00"
2026-05-13,1114,2026051305008466,GVL,51,34,20,487.20,"9,744.00"
2026-05-13,1115,2026051305008449,GVL,51,34,20,487.20,"9,744.00"
2026-05-13,1116,2026051305008389,GVL,51,57,11,487.20,"5,359.20"
2026-05-13,1117,2026051305008330,GVL,40,47,10,487.30,"4,873.00"
2026-05-13,1118,2026051305008534,HATHY,50,58,25,807.00,"20,175.00"
2026-05-13,1119,2026051305008575,HDL,58,42,55,"1,158.90","63,739.50"
2026-05-13,1120,2026051305008558,HDL,25,93,120,"1,158.00","138,960.00"
2026-05-13,1121,2026051305008533,HDL,38,42,28,"1,158.90","32,449.20"
2026-05-13,1122,2026051305008188,HDL,7,42,10,"1,157.00","11,570.00"
2026-05-13,1123,2026051305008187,HDL,58,42,24,"1,157.00","27,768.00"
2026-05-13,1124,2026051305008181,HDL,58,90,76,"1,157.00","87,932.00"
2026-05-13,1125,2026051305008180,HDL,34,90,11,"1,157.00","12,727.00"
2026-05-13,1126,2026051305008179,HDL,47,90,13,"1,157.00","15,041.00"
2026-05-13,1127,2026051305008189,HDL,13,42,35,"1,157.00","40,495.00"
2026-05-13,1128,2026051305008397,HDL,58,93,20,"1,159.00","23,180.00"
2026-05-13,1129,2026051305008444,HDL,57,93,50,"1,159.00","57,950.00"
2026-05-13,1130,2026051305008359,HHL,98,8,100,373.50,"37,350.00"
2026-05-13,1131,2026051305008358,HHL,75,8,900,373.60,"336,240.00"
2026-05-13,1132,2026051305008338,HHL,75,62,100,373.60,"37,360.00"
2026-05-13,1133,2026051305008324,HHL,35,33,160,375.00,"60,000.00"
2026-05-13,1134,2026051305008323,HHL,29,33,500,375.00,"187,500.00"
2026-05-13,1135,2026051305008234,HHL,98,63,300,375.00,"112,500.00"
2026-05-13,1136,2026051305008233,HHL,98,76,10,375.00,"3,750.00"
2026-05-13,1137,2026051305008232,HHL,98,58,400,375.00,"150,000.00"
2026-05-13,1138,2026051305008231,HHL,98,4,10,375.00,"3,750.00"
2026-05-13,1139,2026051305008194,HHL,98,38,10,374.00,"3,740.00"
2026-05-13,1140,2026051305008303,HIDCL,53,87,12,267.00,"3,204.00"
2026-05-13,1141,2026051305008302,HIDCL,16,87,20,267.00,"5,340.00"
2026-05-13,1142,2026051305008301,HIDCL,54,87,177,267.10,"47,276.70"
2026-05-13,1143,2026051305008300,HIDCL,58,87,50,267.20,"13,360.00"
2026-05-13,1144,2026051305008299,HIDCL,62,87,16,267.20,"4,275.20"
2026-05-13,1145,2026051305008292,HIDCL,58,18,10,267.60,"2,676.00"
2026-05-13,1146,2026051305008263,HIDCL,62,26,535,267.20,"142,952.00"
2026-05-13,1147,2026051305008123,HIDCL,62,58,"1,000",267.20,"267,200.00"
2026-05-13,1148,2026051305008511,HRL,22,45,42,680.00,"28,560.00"
2026-05-13,1149,2026051305008491,HRL,81,45,31,680.00,"21,080.00"
2026-05-13,1150,2026051305008464,HRL,81,49,200,680.00,"136,000.00"
2026-05-13,1151,2026051305008463,HRL,81,42,32,680.00,"21,760.00"
2026-05-13,1152,2026051305008141,HRL,58,35,20,678.20,"13,564.00"
2026-05-13,1153,2026051305008116,HRL,16,43,200,678.20,"135,640.00"
2026-05-13,1154,2026051305008268,HRL,13,28,10,678.30,"6,783.00"
2026-05-13,1155,2026051305008253,HRL,21,42,13,680.00,"8,840.00"
2026-05-13,1156,2026051305008238,HRL,61,42,10,680.00,"6,800.00"
2026-05-13,1157,2026051305008336,HRL,13,71,15,678.10,"10,171.50"
2026-05-13,1158,2026051305008335,HRL,42,71,25,678.20,"16,955.00"
2026-05-13,1159,2026051305008334,HRL,26,71,40,678.20,"27,128.00"
2026-05-13,1160,2026051305008333,HRL,58,71,10,678.20,"6,782.00"
2026-05-13,1161,2026051305008332,HRL,13,71,10,678.30,"6,783.00"
2026-05-13,1162,2026051305008462,HRL,81,42,237,680.00,"161,160.00"
2026-05-13,1163,2026051305008447,HRL,32,42,2,670.00,"1,340.00"
2026-05-13,1164,2026051305008445,HRL,42,5,10,679.00,"6,790.00"
2026-05-13,1165,2026051305008441,HRL,41,42,20,680.00,"13,600.00"
2026-05-13,1166,2026051305008513,IHL,44,58,10,390.10,"3,901.00"
2026-05-13,1167,2026051305008512,IHL,57,58,30,390.50,"11,715.00"
2026-05-13,1168,2026051305008502,ILI,13,58,18,436.00,"7,848.00"
2026-05-13,1169,2026051305008501,ILI,33,58,94,436.00,"40,984.00"
2026-05-13,1170,2026051305008451,ILI,33,5,12,436.00,"5,232.00"
2026-05-13,1171,2026051305008344,ILI,33,58,12,436.00,"5,232.00"
2026-05-13,1172,2026051305008239,ILI,33,17,10,436.00,"4,360.00"
2026-05-13,1173,2026051305008184,ILI,33,49,100,436.00,"43,600.00"
2026-05-13,1174,2026051305008115,ILI,33,16,500,436.00,"218,000.00"
2026-05-13,1175,2026051305008479,KDBY,19,48,100,11.28,"1,128.00"
2026-05-13,1176,2026051305008266,KDBY,49,58,500,11.26,"5,630.00"
2026-05-13,1177,2026051305008198,LUK,57,22,150,10.19,"1,528.50"
2026-05-13,1178,2026051305008415,MBJC,16,58,10,282.00,"2,820.00"
2026-05-13,1179,2026051305008414,MBJC,16,47,10,282.00,"2,820.00"
2026-05-13,1180,2026051305008378,MBJC,16,7,68,282.00,"19,176.00"
2026-05-13,1181,2026051305008377,MBJC,42,7,50,282.00,"14,100.00"
2026-05-13,1182,2026051305008376,MBJC,4,7,20,282.00,"5,640.00"
2026-05-13,1183,2026051305008369,MBJC,42,7,30,283.00,"8,490.00"
2026-05-13,1184,2026051305008368,MBJC,36,7,60,284.00,"17,040.00"
2026-05-13,1185,2026051305008211,MBJC,36,80,10,284.00,"2,840.00"
2026-05-13,1186,2026051305008191,MBJC,36,42,40,284.00,"11,360.00"
2026-05-13,1187,2026051305008375,MBJC,51,7,30,282.00,"8,460.00"
2026-05-13,1188,2026051305008374,MBJC,45,7,10,282.00,"2,820.00"
2026-05-13,1189,2026051305008373,MBJC,39,7,100,282.10,"28,210.00"
2026-05-13,1190,2026051305008372,MBJC,21,7,66,282.20,"18,625.20"
2026-05-13,1191,2026051305008371,MBJC,40,7,120,282.20,"33,864.00"
2026-05-13,1192,2026051305008370,MBJC,42,7,20,283.00,"5,660.00"
2026-05-13,1193,2026051305008132,MCHL,32,57,44,312.00,"13,728.00"
2026-05-13,1194,2026051305008470,MEHL,35,5,10,376.50,"3,765.00"
2026-05-13,1195,2026051305008274,MEHL,35,58,10,376.50,"3,765.00"
2026-05-13,1196,2026051305008535,MEL,58,51,200,227.40,"45,480.00"
2026-05-13,1197,2026051305008522,MEL,58,57,10,227.40,"2,274.00"
2026-05-13,1198,2026051305008170,MEL,59,42,10,228.50,"2,285.00"
2026-05-13,1199,2026051305008112,MEL,59,42,300,228.50,"68,550.00"
2026-05-13,1200,2026051305008088,MEL,49,41,60,228.00,"13,680.00"
2026-05-13,1201,2026051305008287,MEL,58,51,90,228.00,"20,520.00"
2026-05-13,1202,2026051305008286,MEL,56,51,22,228.00,"5,016.00"
2026-05-13,1203,2026051305008235,MEL,49,13,10,228.00,"2,280.00"
2026-05-13,1204,2026051305008288,MEL,58,51,60,228.00,"13,680.00"
2026-05-13,1205,2026051305008452,MEL,58,58,10,227.40,"2,274.00"
2026-05-13,1206,2026051305008439,MEL,54,51,"1,000",227.50,"227,500.00"
2026-05-13,1207,2026051305008561,MHCL,49,45,40,354.00,"14,160.00"
2026-05-13,1208,2026051305008560,MHCL,49,35,50,353.90,"17,695.00"
2026-05-13,1209,2026051305008559,MHCL,49,32,10,350.00,"3,500.00"
2026-05-13,1210,2026051305008455,MHCL,34,48,10,348.10,"3,481.00"
2026-05-13,1211,2026051305008390,MHCL,34,38,10,348.10,"3,481.00"
2026-05-13,1212,2026051305008297,MHCL,34,58,10,348.10,"3,481.00"
2026-05-13,1213,2026051305008557,MKHL,54,58,50,515.50,"25,775.00"
2026-05-13,1214,2026051305008228,MKJC,34,3,50,490.00,"24,500.00"
2026-05-13,1215,2026051305008227,MKJC,88,3,10,490.00,"4,900.00"
2026-05-13,1216,2026051305008226,MKJC,56,3,50,490.10,"24,505.00"
2026-05-13,1217,2026051305008320,MMF1,48,36,200,9.50,"1,900.00"
2026-05-13,1218,2026051305008216,MSHL,1,35,15,691.60,"10,374.00"
2026-05-13,1219,2026051305008508,NIBSF2,34,34,200,9.30,"1,860.00"
2026-05-13,1220,2026051305008342,NICFC,65,58,100,9.38,938.00
2026-05-13,1221,2026051305008577,NIFRA,49,29,31,262.90,"8,149.90"
2026-05-13,1222,2026051305008469,NIFRA,25,58,20,262.50,"5,250.00"
2026-05-13,1223,2026051305008457,NIFRA,57,58,9,262.50,"2,362.50"
2026-05-13,1224,2026051305008251,NIFRA,49,43,54,262.10,"14,153.40"
2026-05-13,1225,2026051305008210,NIFRA,49,99,26,263.00,"6,838.00"
2026-05-13,1226,2026051305008195,NIFRA,86,99,"1,005",263.00,"264,315.00"
2026-05-13,1227,2026051305008156,NIFRA,86,87,500,262.90,"131,450.00"
2026-05-13,1228,2026051305008152,NIFRA,49,34,27,262.10,"7,076.70"
2026-05-13,1229,2026051305008151,NIFRA,71,34,32,262.10,"8,387.20"
2026-05-13,1230,2026051305008098,NIFRA,71,19,29,262.10,"7,600.90"
2026-05-13,1231,2026051305008097,NIFRA,38,19,35,262.50,"9,187.50"
2026-05-13,1232,2026051305008177,NIFRA,49,6,39,262.10,"10,221.90"
2026-05-13,1233,2026051305008176,NIFRA,38,6,15,262.50,"3,937.50"
2026-05-13,1234,2026051305008171,NIFRA,86,87,500,262.90,"131,450.00"
2026-05-13,1235,2026051305008169,NIFRA,86,99,346,263.00,"90,998.00"
2026-05-13,1236,2026051305008168,NIFRA,86,48,600,263.00,"157,800.00"
2026-05-13,1237,2026051305008167,NIFRA,86,28,54,263.00,"14,202.00"
2026-05-13,1238,2026051305008460,NRIC,42,50,20,903.00,"18,060.00"
2026-05-13,1239,2026051305008459,NRIC,56,50,10,903.00,"9,030.00"
2026-05-13,1240,2026051305008436,NRIC,41,17,101,904.00,"91,304.00"
2026-05-13,1241,2026051305008435,NRIC,45,17,50,904.00,"45,200.00"
2026-05-13,1242,2026051305008434,NRIC,50,17,100,904.00,"90,400.00"
2026-05-13,1243,2026051305008433,NRIC,49,17,130,904.10,"117,533.00"
2026-05-13,1244,2026051305008124,NRIC,48,33,43,907.60,"39,026.80"
2026-05-13,1245,2026051305008117,NRIC,14,22,25,906.00,"22,650.00"
2026-05-13,1246,2026051305008230,NRIC,10,17,40,905.00,"36,200.00"
2026-05-13,1247,2026051305008229,NRIC,84,17,13,905.10,"11,766.30"
2026-05-13,1248,2026051305008219,NRIC,84,58,71,905.10,"64,262.10"
2026-05-13,1249,2026051305008131,NRIC,13,99,20,906.00,"18,120.00"
2026-05-13,1250,2026051305008130,NRIC,14,99,17,906.00,"15,402.00"
2026-05-13,1251,2026051305008350,NRIC,45,42,50,905.00,"45,250.00"
2026-05-13,1252,2026051305008349,NRIC,57,42,40,905.00,"36,200.00"
2026-05-13,1253,2026051305008348,NRIC,10,42,10,905.00,"9,050.00"
2026-05-13,1254,2026051305008392,NRIC,49,71,70,904.10,"63,287.00"
2026-05-13,1255,2026051305008391,NRIC,42,71,30,904.20,"27,126.00"
2026-05-13,1256,2026051305008248,NRM,22,45,"1,000",390.20,"390,200.00"
2026-05-13,1257,2026051305008084,NRN,58,3,50,"1,375.00","68,750.00"
2026-05-13,1258,2026051305008149,NRN,58,21,100,"1,375.00","137,500.00"
2026-05-13,1259,2026051305008186,NRN,58,71,300,"1,375.00","412,500.00"
2026-05-13,1260,2026051305008340,NRN,58,66,100,"1,375.00","137,500.00"
2026-05-13,1261,2026051305008281,NRN,58,17,15,"1,375.00","20,625.00"
2026-05-13,1262,2026051305008413,NRN,58,56,10,"1,375.00","13,750.00"
2026-05-13,1263,2026051305008401,NRN,58,71,100,"1,375.00","137,500.00"
2026-05-13,1264,2026051305008456,NRN,58,29,90,"1,375.00","123,750.00"
2026-05-13,1265,2026051305008419,NTC,42,43,32,890.00,"28,480.00"
2026-05-13,1266,2026051305008418,NTC,42,25,153,890.00,"136,170.00"
2026-05-13,1267,2026051305008417,NTC,42,13,15,889.90,"13,348.50"
2026-05-13,1268,2026051305008326,NTC,58,13,35,889.90,"31,146.50"
2026-05-13,1269,2026051305008275,NTC,58,13,20,889.90,"17,798.00"
2026-05-13,1270,2026051305008273,PHCL,81,38,500,306.00,"153,000.00"
2026-05-13,1271,2026051305008272,PHCL,81,25,770,306.00,"235,620.00"
2026-05-13,1272,2026051305008271,PHCL,81,68,650,305.90,"198,835.00"
2026-05-13,1273,2026051305008270,PHCL,81,26,10,305.50,"3,055.00"
2026-05-13,1274,2026051305008249,PHCL,39,1,10,305.10,"3,051.00"
2026-05-13,1275,2026051305008138,PHCL,39,51,55,305.10,"16,780.50"
2026-05-13,1276,2026051305008137,PHCL,58,51,100,305.10,"30,510.00"
2026-05-13,1277,2026051305008136,PHCL,5,51,160,305.20,"48,832.00"
2026-05-13,1278,2026051305008321,PPL,58,14,50,349.00,"17,450.00"
2026-05-13,1279,2026051305008294,PPL,52,57,10,345.60,"3,456.00"
2026-05-13,1280,2026051305008290,PPL,52,49,15,345.60,"5,184.00"
2026-05-13,1281,2026051305008339,RAWA,6,42,10,586.40,"5,864.00"
2026-05-13,1282,2026051305008519,RFPL,57,56,10,367.00,"3,670.00"
2026-05-13,1283,2026051305008308,RFPL,48,4,115,367.00,"42,205.00"
2026-05-13,1284,2026051305008307,RFPL,48,21,185,367.00,"67,895.00"
2026-05-13,1285,2026051305008183,RFPL,44,21,29,367.00,"10,643.00"
2026-05-13,1286,2026051305008182,RFPL,44,53,62,367.00,"22,754.00"
2026-05-13,1287,2026051305008140,RFPL,50,53,250,367.00,"91,750.00"
2026-05-13,1288,2026051305008155,RHGCL,49,26,10,294.00,"2,940.00"
2026-05-13,1289,2026051305008524,RNLI,4,42,75,460.90,"34,567.50"
2026-05-13,1290,2026051305008495,RNLI,4,58,12,460.90,"5,530.80"
2026-05-13,1291,2026051305008438,RNLI,45,25,150,461.00,"69,150.00"
2026-05-13,1292,2026051305008362,RNLI,4,50,10,460.90,"4,609.00"
2026-05-13,1293,2026051305008199,RNLI,4,57,10,460.90,"4,609.00"
2026-05-13,1294,2026051305008289,RNLI,42,49,1,461.50,461.50
2026-05-13,1295,2026051305008574,SAHAS,52,66,128,652.10,"83,468.80"
2026-05-13,1296,2026051305008573,SAHAS,62,66,500,652.10,"326,050.00"
2026-05-13,1297,2026051305008572,SAHAS,62,66,"1,250",652.20,"815,250.00"
2026-05-13,1298,2026051305008571,SAHAS,34,66,90,652.20,"58,698.00"
2026-05-13,1299,2026051305008570,SAHAS,57,66,187,652.30,"121,980.10"
2026-05-13,1300,2026051305008569,SAHAS,16,66,29,652.40,"18,919.60"
2026-05-13,1301,2026051305008085,SAHAS,44,58,262,652.00,"170,824.00"
2026-05-13,1302,2026051305008083,SAHAS,44,34,65,652.00,"42,380.00"
2026-05-13,1303,2026051305008114,SAHAS,6,48,50,651.10,"32,555.00"
2026-05-13,1304,2026051305008113,SAHAS,1,48,450,651.20,"293,040.00"
2026-05-13,1305,2026051305008102,SAHAS,49,48,153,652.00,"99,756.00"
2026-05-13,1306,2026051305008101,SAHAS,3,48,150,652.00,"97,800.00"
2026-05-13,1307,2026051305008099,SAHAS,63,48,150,652.00,"97,800.00"
2026-05-13,1308,2026051305008086,SAHAS,41,58,100,652.00,"65,200.00"
2026-05-13,1309,2026051305008161,SAHAS,42,39,150,651.00,"97,650.00"
2026-05-13,1310,2026051305008160,SAHAS,6,39,150,651.10,"97,665.00"
2026-05-13,1311,2026051305008159,SAHAS,84,39,550,651.30,"358,215.00"
2026-05-13,1312,2026051305008158,SAHAS,32,39,358,651.40,"233,201.20"
2026-05-13,1313,2026051305008154,SAHAS,32,3,10,651.40,"6,514.00"
2026-05-13,1314,2026051305008150,SAHAS,84,17,121,651.30,"78,807.30"
2026-05-13,1315,2026051305008196,SAHAS,6,33,10,651.80,"6,518.00"
2026-05-13,1316,2026051305008173,SAHAS,62,17,10,651.90,"6,519.00"
2026-05-13,1317,2026051305008165,SAHAS,34,39,122,650.30,"79,336.60"
2026-05-13,1318,2026051305008164,SAHAS,42,39,30,650.30,"19,509.00"
2026-05-13,1319,2026051305008163,SAHAS,13,39,300,650.40,"195,120.00"
2026-05-13,1320,2026051305008162,SAHAS,58,39,20,651.00,"13,020.00"
2026-05-13,1321,2026051305008277,SAHAS,7,4,300,651.80,"195,540.00"
2026-05-13,1322,2026051305008276,SAHAS,29,4,10,651.80,"6,518.00"
2026-05-13,1323,2026051305008267,SAHAS,29,33,190,651.80,"123,842.00"
2026-05-13,1324,2026051305008261,SAHAS,34,33,100,651.80,"65,180.00"
2026-05-13,1325,2026051305008225,SAHAS,77,52,13,651.40,"8,468.20"
2026-05-13,1326,2026051305008217,SAHAS,77,18,10,651.40,"6,514.00"
2026-05-13,1327,2026051305008311,SAHAS,32,33,63,651.90,"41,069.70"
2026-05-13,1328,2026051305008310,SAHAS,43,33,19,651.90,"12,386.10"
2026-05-13,1329,2026051305008309,SAHAS,43,17,90,651.90,"58,671.00"
2026-05-13,1330,2026051305008304,SAHAS,36,4,190,651.80,"123,842.00"
2026-05-13,1331,2026051305008298,SAHAS,8,58,30,651.60,"19,548.00"
2026-05-13,1332,2026051305008278,SAHAS,8,57,13,651.60,"8,470.80"
2026-05-13,1333,2026051305008317,SAHAS,32,35,760,652.00,"495,520.00"
2026-05-13,1334,2026051305008316,SAHAS,32,38,10,652.00,"6,520.00"
2026-05-13,1335,2026051305008315,SAHAS,32,66,81,652.00,"52,812.00"
2026-05-13,1336,2026051305008314,SAHAS,32,48,547,652.00,"356,644.00"
2026-05-13,1337,2026051305008313,SAHAS,32,58,24,651.90,"15,645.60"
2026-05-13,1338,2026051305008312,SAHAS,32,51,100,651.90,"65,190.00"
2026-05-13,1339,2026051305008404,SAHAS,58,45,100,652.10,"65,210.00"
2026-05-13,1340,2026051305008395,SAHAS,46,6,20,652.40,"13,048.00"
2026-05-13,1341,2026051305008363,SAHAS,46,6,50,652.40,"32,620.00"
2026-05-13,1342,2026051305008351,SAHAS,36,46,95,652.00,"61,940.00"
2026-05-13,1343,2026051305008319,SAHAS,32,46,405,652.00,"264,060.00"
2026-05-13,1344,2026051305008318,SAHAS,32,42,10,652.00,"6,520.00"
2026-05-13,1345,2026051305008431,SAHAS,62,58,30,652.50,"19,575.00"
2026-05-13,1346,2026051305008430,SAHAS,62,11,100,652.40,"65,240.00"
2026-05-13,1347,2026051305008429,SAHAS,62,6,20,652.40,"13,048.00"
2026-05-13,1348,2026051305008412,SAHAS,36,6,110,652.40,"71,764.00"
2026-05-13,1349,2026051305008406,SAHAS,13,45,495,652.00,"322,740.00"
2026-05-13,1350,2026051305008405,SAHAS,36,45,405,652.00,"264,060.00"
2026-05-13,1351,2026051305008458,SAHAS,77,6,100,652.80,"65,280.00"
2026-05-13,1352,2026051305008454,SAHAS,57,39,300,652.60,"195,780.00"
2026-05-13,1353,2026051305008453,SAHAS,34,37,60,652.50,"39,150.00"
2026-05-13,1354,2026051305008443,SAHAS,77,39,298,652.60,"194,474.80"
2026-05-13,1355,2026051305008442,SAHAS,77,58,179,652.50,"116,797.50"
2026-05-13,1356,2026051305008437,SAHAS,58,58,120,652.50,"78,300.00"
2026-05-13,1357,2026051305008475,SAHAS,58,6,175,652.80,"114,240.00"
2026-05-13,1358,2026051305008474,SAHAS,28,6,152,652.80,"99,225.60"
2026-05-13,1359,2026051305008473,SAHAS,28,4,148,652.50,"96,570.00"
2026-05-13,1360,2026051305008472,SAHAS,18,4,52,652.50,"33,930.00"
2026-05-13,1361,2026051305008471,SAHAS,18,36,127,652.50,"82,867.50"
2026-05-13,1362,2026051305008465,SAHAS,58,36,22,652.50,"14,355.00"
2026-05-13,1363,2026051305008527,SAHAS,62,13,200,652.70,"130,540.00"
2026-05-13,1364,2026051305008523,SAHAS,57,56,13,652.30,"8,479.90"
2026-05-13,1365,2026051305008515,SAHAS,16,26,13,652.10,"8,477.30"
2026-05-13,1366,2026051305008514,SAHAS,16,43,20,652.10,"13,042.00"
2026-05-13,1367,2026051305008497,SAHAS,16,49,25,652.10,"16,302.50"
2026-05-13,1368,2026051305008494,SAHAS,16,58,13,652.10,"8,477.30"
2026-05-13,1369,2026051305008536,SAHAS,77,36,20,652.90,"13,058.00"
2026-05-13,1370,2026051305008532,SAHAS,62,42,50,652.90,"32,645.00"
2026-05-13,1371,2026051305008531,SAHAS,62,17,26,652.90,"16,975.40"
2026-05-13,1372,2026051305008530,SAHAS,62,57,56,652.80,"36,556.80"
2026-05-13,1373,2026051305008529,SAHAS,62,87,90,652.80,"58,752.00"
2026-05-13,1374,2026051305008528,SAHAS,62,6,73,652.80,"47,654.40"
2026-05-13,1375,2026051305008542,SAHAS,52,14,500,653.00,"326,500.00"
2026-05-13,1376,2026051305008541,SAHAS,52,7,10,653.00,"6,530.00"
2026-05-13,1377,2026051305008540,SAHAS,52,58,138,653.00,"90,114.00"
2026-05-13,1378,2026051305008539,SAHAS,52,5,65,653.00,"42,445.00"
2026-05-13,1379,2026051305008538,SAHAS,77,5,172,653.00,"112,316.00"
2026-05-13,1380,2026051305008537,SAHAS,77,5,210,653.00,"137,130.00"
2026-05-13,1381,2026051305008548,SAHAS,52,58,20,653.00,"13,060.00"
2026-05-13,1382,2026051305008547,SAHAS,52,38,200,653.00,"130,600.00"
2026-05-13,1383,2026051305008546,SAHAS,52,10,80,653.00,"52,240.00"
2026-05-13,1384,2026051305008545,SAHAS,52,47,100,653.00,"65,300.00"
2026-05-13,1385,2026051305008544,SAHAS,52,36,10,653.00,"6,530.00"
2026-05-13,1386,2026051305008543,SAHAS,52,56,60,653.00,"39,180.00"
2026-05-13,1387,2026051305008554,SAHAS,52,47,50,653.00,"32,650.00"
2026-05-13,1388,2026051305008553,SAHAS,52,42,40,653.00,"26,120.00"
2026-05-13,1389,2026051305008552,SAHAS,52,52,103,653.00,"67,259.00"
2026-05-13,1390,2026051305008551,SAHAS,52,49,130,653.00,"84,890.00"
2026-05-13,1391,2026051305008550,SAHAS,52,35,13,653.00,"8,489.00"
2026-05-13,1392,2026051305008549,SAHAS,52,41,100,653.00,"65,300.00"
2026-05-13,1393,2026051305008568,SAHAS,58,66,50,652.40,"32,620.00"
2026-05-13,1394,2026051305008567,SAHAS,42,66,150,653.00,"97,950.00"
2026-05-13,1395,2026051305008566,SAHAS,52,66,"1,116",653.00,"728,748.00"
2026-05-13,1396,2026051305008565,SAHAS,100,58,"1,000",653.10,"653,100.00"
2026-05-13,1397,2026051305008562,SAHAS,52,34,65,653.00,"42,445.00"
2026-05-13,1398,2026051305008555,SAHAS,52,4,200,653.00,"130,600.00"
2026-05-13,1399,2026051305008461,SANVI,45,17,10,671.40,"6,714.00"
2026-05-13,1400,2026051305008403,SANVI,38,8,10,671.30,"6,713.00"
2026-05-13,1401,2026051305008295,SBCF,58,36,"3,000",10.04,"30,120.00"
2026-05-13,1402,2026051305008264,SEF,49,42,500,10.00,"5,000.00"
2026-05-13,1403,2026051305008125,SEF,42,45,100,10.10,"1,010.00"
2026-05-13,1404,2026051305008505,SGHC,41,57,20,367.80,"7,356.00"
2026-05-13,1405,2026051305008100,SGHC,41,60,51,361.00,"18,411.00"
2026-05-13,1406,2026051305008556,SHIVM,42,101,10,676.00,"6,760.00"
2026-05-13,1407,2026051305008507,SHIVM,14,87,42,676.80,"28,425.60"
2026-05-13,1408,2026051305008506,SHIVM,14,49,148,676.80,"100,166.40"
2026-05-13,1409,2026051305008493,SHIVM,88,8,"1,000",676.00,"676,000.00"
2026-05-13,1410,2026051305008355,SHIVM,59,56,71,675.20,"47,939.20"
2026-05-13,1411,2026051305008126,SHIVM,66,5,316,675.00,"213,300.00"
2026-05-13,1412,2026051305008108,SHIVM,48,5,264,675.10,"178,226.40"
2026-05-13,1413,2026051305008096,SHIVM,48,16,36,675.10,"24,303.60"
2026-05-13,1414,2026051305008095,SHIVM,48,16,100,675.10,"67,510.00"
2026-05-13,1415,2026051305008094,SHIVM,26,16,50,675.20,"33,760.00"
2026-05-13,1416,2026051305008093,SHIVM,52,16,30,676.00,"20,280.00"
2026-05-13,1417,2026051305008092,SHIVM,18,16,34,676.00,"22,984.00"
2026-05-13,1418,2026051305008526,SIKLES,38,42,490,581.00,"284,690.00"
2026-05-13,1419,2026051305008329,SIKLES,38,49,25,579.00,"14,475.00"
2026-05-13,1420,2026051305008328,SIKLES,34,49,10,579.10,"5,791.00"
2026-05-13,1421,2026051305008306,SIKLES,34,42,480,579.10,"277,968.00"
2026-05-13,1422,2026051305008305,SIKLES,22,42,10,579.20,"5,792.00"
2026-05-13,1423,2026051305008209,SIKLES,34,8,10,579.10,"5,791.00"
2026-05-13,1424,2026051305008337,SMATA,42,3,15,767.30,"11,509.50"
2026-05-13,1425,2026051305008269,SMATA,52,32,1,777.00,777.00
2026-05-13,1426,2026051305008082,SMATA,58,32,11,780.00,"8,580.00"
2026-05-13,1427,2026051305008081,SMATA,58,49,440,780.00,"343,200.00"
2026-05-13,1428,2026051305008080,SMATA,58,41,13,780.00,"10,140.00"
2026-05-13,1429,2026051305008079,SMATA,58,53,50,779.00,"38,950.00"
2026-05-13,1430,2026051305008480,SMH,16,5,10,570.00,"5,700.00"
2026-05-13,1431,2026051305008409,SMH,83,44,11,575.00,"6,325.00"
2026-05-13,1432,2026051305008341,SMH,16,21,100,570.00,"57,000.00"
2026-05-13,1433,2026051305008576,SMHL,16,56,368,496.00,"182,528.00"
2026-05-13,1434,2026051305008510,SMHL,57,56,10,496.00,"4,960.00"
2026-05-13,1435,2026051305008498,SMHL,16,5,11,495.10,"5,446.10"
2026-05-13,1436,2026051305008476,SMHL,16,90,50,495.10,"24,755.00"
2026-05-13,1437,2026051305008394,SMHL,16,8,35,495.10,"17,328.50"
2026-05-13,1438,2026051305008223,SMHL,64,58,40,497.00,"19,880.00"
2026-05-13,1439,2026051305008222,SMHL,64,45,260,496.90,"129,194.00"
2026-05-13,1440,2026051305008221,SMHL,64,14,500,496.80,"248,400.00"
2026-05-13,1441,2026051305008220,SMHL,64,13,200,496.00,"99,200.00"
2026-05-13,1442,2026051305008135,SMHL,38,45,50,495.00,"24,750.00"
2026-05-13,1443,2026051305008134,SMHL,16,45,100,495.10,"49,510.00"
2026-05-13,1444,2026051305008133,SMHL,1,45,50,495.30,"24,765.00"
2026-05-13,1445,2026051305008578,SMJC,74,49,31,455.00,"14,105.00"
2026-05-13,1446,2026051305008509,SONA,54,5,10,436.70,"4,367.00"
2026-05-13,1447,2026051305008448,SONA,54,57,130,436.70,"56,771.00"
2026-05-13,1448,2026051305008408,SONA,54,90,500,436.70,"218,350.00"
2026-05-13,1449,2026051305008361,SONA,21,58,10,437.00,"4,370.00"
2026-05-13,1450,2026051305008166,SONA,6,29,10,436.60,"4,366.00"
2026-05-13,1451,2026051305008153,SONA,6,32,10,436.60,"4,366.00"
2026-05-13,1452,2026051305008122,SONA,6,56,10,436.60,"4,366.00"
2026-05-13,1453,2026051305008109,SONA,6,48,10,436.60,"4,366.00"
2026-05-13,1454,2026051305008484,SPHL,88,32,11,513.00,"5,643.00"
2026-05-13,1455,2026051305008483,SPHL,88,22,10,512.90,"5,129.00"
2026-05-13,1456,2026051305008240,SPHL,42,22,10,509.00,"5,090.00"
2026-05-13,1457,2026051305008212,SPHL,42,54,19,509.00,"9,671.00"
2026-05-13,1458,2026051305008481,STC,32,33,256,"5,900.00","1,510,400.00"
2026-05-13,1459,2026051305008260,STC,81,47,11,"5,900.00","64,900.00"
2026-05-13,1460,2026051305008259,STC,81,4,20,"5,900.00","118,000.00"
2026-05-13,1461,2026051305008258,STC,81,13,25,"5,900.00","147,500.00"
2026-05-13,1462,2026051305008257,STC,81,49,10,"5,900.00","59,000.00"
2026-05-13,1463,2026051305008256,STC,81,94,20,"5,895.00","117,900.00"
2026-05-13,1464,2026051305008241,STC,81,18,20,"5,879.00","117,580.00"
2026-05-13,1465,2026051305008193,STC,58,5,10,"5,850.00","58,500.00"
2026-05-13,1466,2026051305008192,STC,58,50,10,"5,840.00","58,400.00"
2026-05-13,1467,2026051305008247,STC,81,43,195,"5,895.00","1,149,525.00"
2026-05-13,1468,2026051305008246,STC,81,26,100,"5,890.00","589,000.00"
2026-05-13,1469,2026051305008245,STC,81,81,20,"5,890.00","117,800.00"
2026-05-13,1470,2026051305008244,STC,81,45,10,"5,890.00","58,900.00"
2026-05-13,1471,2026051305008243,STC,81,46,145,"5,880.00","852,600.00"
2026-05-13,1472,2026051305008242,STC,81,51,10,"5,880.00","58,800.00"
2026-05-13,1473,2026051305008492,TAMOR,57,49,100,441.00,"44,100.00"
2026-05-13,1474,2026051305008467,TAMOR,38,14,"1,500",440.00,"660,000.00"
2026-05-13,1475,2026051305008402,TAMOR,63,19,100,440.90,"44,090.00"
2026-05-13,1476,2026051305008398,TAMOR,38,38,10,440.00,"4,400.00"
2026-05-13,1477,2026051305008393,TAMOR,38,32,10,440.00,"4,400.00"
2026-05-13,1478,2026051305008291,TAMOR,38,58,270,440.00,"118,800.00"
2026-05-13,1479,2026051305008265,TAMOR,38,59,50,440.00,"22,000.00"
2026-05-13,1480,2026051305008254,TAMOR,38,58,10,440.00,"4,400.00"
2026-05-13,1481,2026051305008197,TAMOR,38,58,100,440.00,"44,000.00"
2026-05-13,1482,2026051305008172,TAMOR,38,36,723,440.00,"318,120.00"
2026-05-13,1483,2026051305008139,TAMOR,38,8,10,440.00,"4,400.00"
2026-05-13,1484,2026051305008119,TAMOR,38,54,150,440.00,"66,000.00"
2026-05-13,1485,2026051305008525,TPC,40,5,20,367.10,"7,342.00"
2026-05-13,1486,2026051305008218,TSHL,49,45,110,597.00,"65,670.00"
2026-05-13,1487,2026051305008564,UHEWA,22,32,80,570.00,"45,600.00"
2026-05-13,1488,2026051305008563,UHEWA,74,32,29,571.50,"16,573.50"
2026-05-13,1489,2026051305008262,UHEWA,22,50,10,570.00,"5,700.00"
2026-05-13,1490,2026051305008129,UHEWA,57,29,119,572.00,"68,068.00"
2026-05-13,1491,2026051305008128,UHEWA,57,35,11,572.00,"6,292.00"
2026-05-13,1492,2026051305008087,USHEC,16,45,100,486.20,"48,620.00"
2026-05-13,1493,2026051305008236,USHEC,16,58,10,487.00,"4,870.00"
2026-05-13,1494,2026051305008365,USHEC,33,57,10,488.00,"4,880.00"
2026-05-13,1495,2026051305008279,USHEC,58,45,10,488.80,"4,888.00"
2026-05-13,1496,2026051305008237,USHEC,16,26,10,487.00,"4,870.00"
2026-05-13,1497,2026051305008411,USHEC,33,65,500,489.90,"244,950.00"
2026-05-13,1498,2026051305008410,USHEC,33,36,100,489.90,"48,990.00"
2026-05-13,1499,2026051305008367,USHEC,33,62,200,488.80,"97,760.00"
2026-05-13,1500,2026051305008366,USHEC,33,45,180,488.80,"87,984.00"
2026-05-13,1501,2026051305007598,AHL,19,56,60,501.10,"30,066.00"
2026-05-13,1502,2026051305007597,AHL,58,56,40,501.20,"20,048.00"
2026-05-13,1503,2026051305007988,BBC,58,54,10,"4,812.00","48,120.00"
2026-05-13,1504,2026051305007813,BBC,63,58,10,"4,751.00","47,510.00"
2026-05-13,1505,2026051305007932,BEDC,26,19,500,360.00,"180,000.00"
2026-05-13,1506,2026051305007897,BEDC,47,19,50,360.10,"18,005.00"
2026-05-13,1507,2026051305007820,BEDC,58,19,110,360.10,"39,611.00"
2026-05-13,1508,2026051305007729,BEDC,58,44,30,360.20,"10,806.00"
2026-05-13,1509,2026051305007711,BEDC,34,44,80,360.20,"28,816.00"
2026-05-13,1510,2026051305007590,BGWT,47,49,10,650.00,"6,500.00"
2026-05-13,1511,2026051305007980,BHDC,57,72,21,460.00,"9,660.00"
2026-05-13,1512,2026051305007934,BHDC,47,72,45,460.10,"20,704.50"
2026-05-13,1513,2026051305007989,BHL,59,45,240,222.00,"53,280.00"
2026-05-13,1514,2026051305007951,BHL,4,45,185,222.00,"41,070.00"
2026-05-13,1515,2026051305007950,BHL,4,85,315,222.00,"69,930.00"
2026-05-13,1516,2026051305007942,BHL,58,85,100,222.00,"22,200.00"
