date,sn,contract_no,stock_symbol,buyer,seller,quantity,rate,amount
2026-05-11,1,2026051105017452,AHL,38,74,97,513.00,"49,761.00"
2026-05-11,2,2026051105017451,AHL,56,74,255,513.00,"130,815.00"
2026-05-11,3,2026051105017688,BEDC,49,58,10,380.00,"3,800.00"
2026-05-11,4,2026051105017551,BEDC,42,58,200,380.00,"76,000.00"
2026-05-11,5,2026051105017549,BEDC,38,38,450,379.00,"170,550.00"
2026-05-11,6,2026051105017548,BEDC,7,38,50,379.00,"18,950.00"
2026-05-11,7,2026051105017225,BEDC,56,58,30,383.00,"11,490.00"
2026-05-11,8,2026051105017223,BEDC,56,14,170,383.00,"65,110.00"
2026-05-11,9,2026051105017378,BEDC,58,52,20,382.00,"7,640.00"
2026-05-11,10,2026051105017377,BEDC,57,52,25,382.00,"9,550.00"
2026-05-11,11,2026051105017376,BEDC,45,52,10,382.00,"3,820.00"
2026-05-11,12,2026051105017278,BEDC,44,58,57,383.00,"21,831.00"
2026-05-11,13,2026051105017237,BEDC,58,58,110,383.00,"42,130.00"
2026-05-11,14,2026051105017393,BEDC,4,52,18,382.00,"6,876.00"
2026-05-11,15,2026051105017388,BEDC,38,38,98,380.00,"37,240.00"
2026-05-11,16,2026051105017387,BEDC,41,38,140,380.10,"53,214.00"
2026-05-11,17,2026051105017386,BEDC,65,38,20,380.10,"7,602.00"
2026-05-11,18,2026051105017385,BEDC,56,38,200,381.00,"76,200.00"
2026-05-11,19,2026051105017384,BEDC,58,38,42,381.00,"16,002.00"
2026-05-11,20,2026051105017498,BEDC,36,58,280,380.00,"106,400.00"
2026-05-11,21,2026051105017497,BEDC,6,58,23,380.00,"8,740.00"
2026-05-11,22,2026051105017496,BEDC,38,58,212,380.00,"80,560.00"
2026-05-11,23,2026051105017418,BEDC,58,52,65,382.00,"24,830.00"
2026-05-11,24,2026051105017500,BEDC,6,58,50,380.00,"19,000.00"
2026-05-11,25,2026051105017499,BEDC,48,58,30,380.00,"11,400.00"
2026-05-11,26,2026051105017310,BHDC,62,77,500,475.00,"237,500.00"
2026-05-11,27,2026051105017309,BHDC,62,58,100,475.00,"47,500.00"
2026-05-11,28,2026051105017308,BHDC,62,51,100,475.00,"47,500.00"
2026-05-11,29,2026051105017307,BHDC,62,14,220,475.00,"104,500.00"
2026-05-11,30,2026051105017651,BHL,38,48,300,227.00,"68,100.00"
2026-05-11,31,2026051105017637,BHL,34,48,41,227.00,"9,307.00"
2026-05-11,32,2026051105017636,BHL,34,13,20,227.00,"4,540.00"
2026-05-11,33,2026051105017635,BHL,34,52,624,227.00,"141,648.00"
2026-05-11,34,2026051105017594,BHL,3,52,65,227.00,"14,755.00"
2026-05-11,35,2026051105017485,BHL,19,52,100,227.00,"22,700.00"
2026-05-11,36,2026051105017358,BHL,29,57,100,227.50,"22,750.00"
2026-05-11,37,2026051105017320,BHL,8,57,80,227.50,"18,200.00"
2026-05-11,38,2026051105017319,BHL,8,58,10,227.10,"2,271.00"
2026-05-11,39,2026051105017318,BHL,8,58,10,227.00,"2,270.00"
2026-05-11,40,2026051105017297,BHL,49,58,10,227.00,"2,270.00"
2026-05-11,41,2026051105017482,BHL,49,52,130,227.00,"29,510.00"
2026-05-11,42,2026051105017478,BHL,56,52,81,227.00,"18,387.00"
2026-05-11,43,2026051105017477,BHL,56,13,19,227.00,"4,313.00"
2026-05-11,44,2026051105017471,BHL,36,13,10,227.00,"2,270.00"
2026-05-11,45,2026051105017381,BHL,22,57,30,226.80,"6,804.00"
2026-05-11,46,2026051105017380,BHL,58,57,70,226.90,"15,883.00"
2026-05-11,47,2026051105017680,BNHC,21,57,445,335.50,"149,297.50"
2026-05-11,48,2026051105017580,BNHC,47,75,10,335.00,"3,350.00"
2026-05-11,49,2026051105017543,BNHC,57,57,25,335.50,"8,387.50"
2026-05-11,50,2026051105017368,BNHC,47,32,20,335.00,"6,700.00"
2026-05-11,51,2026051105017344,BNHC,58,57,100,335.50,"33,550.00"
2026-05-11,52,2026051105017547,CHDC,1,58,1,"2,321.00","2,321.00"
2026-05-11,53,2026051105017510,CHDC,82,94,280,"2,345.00","656,600.00"
2026-05-11,54,2026051105017509,CHDC,82,21,72,"2,344.00","168,768.00"
2026-05-11,55,2026051105017508,CHDC,82,16,500,"2,340.00","1,170,000.00"
2026-05-11,56,2026051105017507,CHDC,82,49,200,"2,340.00","468,000.00"
2026-05-11,57,2026051105017506,CHDC,82,96,73,"2,339.00","170,747.00"
2026-05-11,58,2026051105017505,CHDC,82,34,50,"2,339.00","116,950.00"
2026-05-11,59,2026051105017504,CHDC,82,39,25,"2,339.00","58,475.00"
2026-05-11,60,2026051105017350,CIT,57,35,15,"1,774.20","26,613.00"
2026-05-11,61,2026051105017655,CKHL,62,50,10,678.00,"6,780.00"
2026-05-11,62,2026051105017664,CLI,58,38,40,459.50,"18,380.00"
2026-05-11,63,2026051105017663,CLI,58,36,10,459.50,"4,595.00"
2026-05-11,64,2026051105017659,CLI,38,41,12,459.50,"5,514.00"
2026-05-11,65,2026051105017325,CLI,38,45,330,459.20,"151,536.00"
2026-05-11,66,2026051105017657,DOLTI,67,25,10,360.00,"3,600.00"
2026-05-11,67,2026051105017602,DOLTI,42,25,567,360.00,"204,120.00"
2026-05-11,68,2026051105017601,DOLTI,42,8,400,360.00,"144,000.00"
2026-05-11,69,2026051105017600,DOLTI,42,38,33,360.00,"11,880.00"
2026-05-11,70,2026051105017585,DOLTI,16,38,200,360.00,"72,000.00"
2026-05-11,71,2026051105017578,DOLTI,58,38,20,360.00,"7,200.00"
2026-05-11,72,2026051105017333,DOLTI,35,38,33,360.00,"11,880.00"
2026-05-11,73,2026051105017321,DOLTI,57,38,75,360.00,"27,000.00"
2026-05-11,74,2026051105017577,DOLTI,45,38,80,360.00,"28,800.00"
2026-05-11,75,2026051105017576,DOLTI,45,1,30,359.50,"10,785.00"
2026-05-11,76,2026051105017557,DOLTI,58,45,10,359.00,"3,590.00"
2026-05-11,77,2026051105017414,DOLTI,4,38,300,360.00,"108,000.00"
2026-05-11,78,2026051105017389,DOLTI,58,38,300,360.00,"108,000.00"
2026-05-11,79,2026051105017334,DOLTI,35,38,67,360.00,"24,120.00"
2026-05-11,80,2026051105017622,DORDI,25,36,50,280.00,"14,000.00"
2026-05-11,81,2026051105017621,DORDI,25,45,"2,246",280.00,"628,880.00"
2026-05-11,82,2026051105017592,DORDI,38,43,77,279.90,"21,552.30"
2026-05-11,83,2026051105017591,DORDI,44,43,123,279.90,"34,427.70"
2026-05-11,84,2026051105017581,DORDI,58,45,100,280.00,"28,000.00"
2026-05-11,85,2026051105017375,EHPL,42,50,180,393.00,"70,740.00"
2026-05-11,86,2026051105017374,EHPL,42,3,10,393.00,"3,930.00"
2026-05-11,87,2026051105017373,EHPL,42,5,100,393.00,"39,300.00"
2026-05-11,88,2026051105017372,EHPL,42,38,500,392.00,"196,000.00"
2026-05-11,89,2026051105017371,EHPL,42,1,100,392.00,"39,200.00"
2026-05-11,90,2026051105017370,EHPL,42,5,100,392.00,"39,200.00"
2026-05-11,91,2026051105017369,EHPL,42,58,10,391.00,"3,910.00"
2026-05-11,92,2026051105017345,EHPL,11,49,50,390.10,"19,505.00"
2026-05-11,93,2026051105017690,GCIL,32,28,10,424.50,"4,245.00"
2026-05-11,94,2026051105017290,GCIL,41,41,30,422.50,"12,675.00"
2026-05-11,95,2026051105017401,GCIL,5,38,70,423.00,"29,610.00"
2026-05-11,96,2026051105017400,GCIL,29,38,30,423.00,"12,690.00"
2026-05-11,97,2026051105017583,GVL,17,22,130,496.00,"64,480.00"
2026-05-11,98,2026051105017582,GVL,17,45,20,496.00,"9,920.00"
2026-05-11,99,2026051105017529,GVL,60,45,20,496.00,"9,920.00"
2026-05-11,100,2026051105017528,GVL,60,13,80,496.00,"39,680.00"
2026-05-11,101,2026051105017326,GVL,34,60,100,495.00,"49,500.00"
2026-05-11,102,2026051105017476,HATHY,22,96,216,824.00,"177,984.00"
2026-05-11,103,2026051105017472,HATHY,42,96,100,824.00,"82,400.00"
2026-05-11,104,2026051105017623,HDL,86,43,10,"1,175.10","11,751.00"
2026-05-11,105,2026051105017569,HDL,58,38,25,"1,175.40","29,385.00"
2026-05-11,106,2026051105017359,HDL,51,38,110,"1,175.40","129,294.00"
2026-05-11,107,2026051105017530,HDL,57,38,50,"1,175.40","58,770.00"
2026-05-11,108,2026051105017481,HDL,86,38,200,"1,175.40","235,080.00"
2026-05-11,109,2026051105017440,HDL,46,17,33,"1,175.00","38,775.00"
2026-05-11,110,2026051105017709,HHL,62,45,10,387.00,"3,870.00"
2026-05-11,111,2026051105017650,HHL,54,46,60,386.50,"23,190.00"
2026-05-11,112,2026051105017648,HHL,33,45,741,387.00,"286,767.00"
2026-05-11,113,2026051105017647,HHL,33,5,100,387.00,"38,700.00"
2026-05-11,114,2026051105017646,HHL,33,38,149,387.00,"57,663.00"
2026-05-11,115,2026051105017645,HHL,33,58,10,387.00,"3,870.00"
2026-05-11,116,2026051105017293,HHL,49,38,50,385.50,"19,275.00"
2026-05-11,117,2026051105017292,HHL,17,38,650,385.90,"250,835.00"
2026-05-11,118,2026051105017236,HHL,17,42,50,385.90,"19,295.00"
2026-05-11,119,2026051105017218,HHL,17,58,300,385.90,"115,770.00"
2026-05-11,120,2026051105017519,HHL,54,71,235,386.00,"90,710.00"
2026-05-11,121,2026051105017484,HHL,29,71,500,386.00,"193,000.00"
2026-05-11,122,2026051105017383,HHL,58,71,265,386.80,"102,502.00"
2026-05-11,123,2026051105017343,HHL,58,58,200,386.50,"77,300.00"
2026-05-11,124,2026051105017342,HHL,58,21,"1,010",386.50,"390,365.00"
2026-05-11,125,2026051105017341,HHL,58,16,25,386.00,"9,650.00"
2026-05-11,126,2026051105017644,HHL,33,48,100,387.00,"38,700.00"
2026-05-11,127,2026051105017643,HHL,33,6,900,387.00,"348,300.00"
2026-05-11,128,2026051105017560,HHL,45,6,100,387.00,"38,700.00"
2026-05-11,129,2026051105017559,HHL,45,51,300,386.90,"116,070.00"
2026-05-11,130,2026051105017558,HHL,45,17,100,386.90,"38,690.00"
2026-05-11,131,2026051105017544,HHL,54,45,200,386.50,"77,300.00"
2026-05-11,132,2026051105017704,HIDCL,19,58,10,274.00,"2,740.00"
2026-05-11,133,2026051105017703,HIDCL,19,52,470,274.00,"128,780.00"
2026-05-11,134,2026051105017702,HIDCL,19,51,20,273.90,"5,478.00"
2026-05-11,135,2026051105017682,HIDCL,57,51,20,273.90,"5,478.00"
2026-05-11,136,2026051105017667,HIDCL,58,51,10,273.90,"2,739.00"
2026-05-11,137,2026051105017526,HIDCL,14,51,100,273.90,"27,390.00"
2026-05-11,138,2026051105017419,HIDCL,16,41,200,274.40,"54,880.00"
2026-05-11,139,2026051105017399,HIDCL,49,41,25,274.00,"6,850.00"
2026-05-11,140,2026051105017398,HIDCL,49,39,215,274.00,"58,910.00"
2026-05-11,141,2026051105017397,HIDCL,49,4,22,274.00,"6,028.00"
2026-05-11,142,2026051105017360,HIDCL,49,4,40,274.00,"10,960.00"
2026-05-11,143,2026051105017299,HIDCL,19,4,80,274.00,"21,920.00"
2026-05-11,144,2026051105017516,HIDCL,58,52,50,274.00,"13,700.00"
2026-05-11,145,2026051105017457,HIDCL,49,52,100,274.00,"27,400.00"
2026-05-11,146,2026051105017456,HIDCL,1,52,183,274.00,"50,142.00"
2026-05-11,147,2026051105017455,HIDCL,94,52,100,274.00,"27,400.00"
2026-05-11,148,2026051105017454,HIDCL,49,52,163,274.00,"44,662.00"
2026-05-11,149,2026051105017420,HIDCL,16,45,800,274.50,"219,600.00"
2026-05-11,150,2026051105017716,HRL,6,45,20,704.00,"14,080.00"
2026-05-11,151,2026051105017715,HRL,49,45,80,704.00,"56,320.00"
2026-05-11,152,2026051105017714,HRL,47,45,78,705.00,"54,990.00"
2026-05-11,153,2026051105017713,HRL,47,58,50,705.00,"35,250.00"
2026-05-11,154,2026051105017712,HRL,47,58,22,705.00,"15,510.00"
2026-05-11,155,2026051105017707,HRL,76,4,10,704.30,"7,043.00"
2026-05-11,156,2026051105017238,HRL,58,32,10,704.00,"7,040.00"
2026-05-11,157,2026051105017234,HRL,35,22,2,704.00,"1,408.00"
2026-05-11,158,2026051105017233,HRL,35,52,32,704.00,"22,528.00"
2026-05-11,159,2026051105017232,HRL,35,58,35,704.00,"24,640.00"
2026-05-11,160,2026051105017224,HRL,38,58,20,704.00,"14,080.00"
2026-05-11,161,2026051105017244,HRL,88,45,100,704.00,"70,400.00"
2026-05-11,162,2026051105017243,HRL,88,45,14,704.00,"9,856.00"
2026-05-11,163,2026051105017242,HRL,88,49,100,704.00,"70,400.00"
2026-05-11,164,2026051105017241,HRL,88,68,109,704.00,"76,736.00"
2026-05-11,165,2026051105017240,HRL,88,32,16,704.00,"11,264.00"
2026-05-11,166,2026051105017239,HRL,62,57,50,703.30,"35,165.00"
2026-05-11,167,2026051105017250,HRL,88,48,12,704.50,"8,454.00"
2026-05-11,168,2026051105017249,HRL,88,58,10,704.00,"7,040.00"
2026-05-11,169,2026051105017248,HRL,88,14,21,704.00,"14,784.00"
2026-05-11,170,2026051105017247,HRL,88,45,100,704.00,"70,400.00"
2026-05-11,171,2026051105017246,HRL,88,64,692,704.00,"487,168.00"
2026-05-11,172,2026051105017245,HRL,88,77,500,704.00,"352,000.00"
2026-05-11,173,2026051105017256,HRL,88,29,100,704.80,"70,480.00"
2026-05-11,174,2026051105017255,HRL,88,5,200,704.80,"140,960.00"
2026-05-11,175,2026051105017254,HRL,88,38,10,704.80,"7,048.00"
2026-05-11,176,2026051105017253,HRL,88,58,156,704.80,"109,948.80"
2026-05-11,177,2026051105017252,HRL,88,62,100,704.70,"70,470.00"
2026-05-11,178,2026051105017251,HRL,88,57,50,704.50,"35,225.00"
2026-05-11,179,2026051105017262,HRL,88,58,10,705.00,"7,050.00"
2026-05-11,180,2026051105017261,HRL,88,49,34,705.00,"23,970.00"
2026-05-11,181,2026051105017260,HRL,88,42,400,704.90,"281,960.00"
2026-05-11,182,2026051105017259,HRL,88,10,100,704.90,"70,490.00"
2026-05-11,183,2026051105017258,HRL,88,21,32,704.90,"22,556.80"
2026-05-11,184,2026051105017257,HRL,88,49,30,704.80,"21,144.00"
2026-05-11,185,2026051105017268,HRL,88,5,100,705.00,"70,500.00"
2026-05-11,186,2026051105017267,HRL,88,20,11,705.00,"7,755.00"
2026-05-11,187,2026051105017266,HRL,88,59,400,705.00,"282,000.00"
2026-05-11,188,2026051105017265,HRL,88,7,32,705.00,"22,560.00"
2026-05-11,189,2026051105017264,HRL,88,45,32,705.00,"22,560.00"
2026-05-11,190,2026051105017263,HRL,88,62,10,705.00,"7,050.00"
2026-05-11,191,2026051105017322,HRL,62,39,50,703.30,"35,165.00"
2026-05-11,192,2026051105017273,HRL,88,58,978,705.00,"689,490.00"
2026-05-11,193,2026051105017272,HRL,88,90,500,705.00,"352,500.00"
2026-05-11,194,2026051105017271,HRL,88,54,10,705.00,"7,050.00"
2026-05-11,195,2026051105017270,HRL,88,25,10,705.00,"7,050.00"
2026-05-11,196,2026051105017269,HRL,88,56,21,705.00,"14,805.00"
2026-05-11,197,2026051105017491,HRL,62,22,20,704.00,"14,080.00"
2026-05-11,198,2026051105017475,HRL,62,42,10,704.00,"7,040.00"
2026-05-11,199,2026051105017323,HRL,49,39,50,703.30,"35,165.00"
2026-05-11,200,2026051105017689,HRL,25,4,20,704.30,"14,086.00"
2026-05-11,201,2026051105017673,HRL,49,4,50,704.30,"35,215.00"
2026-05-11,202,2026051105017662,HRL,49,35,20,704.00,"14,080.00"
2026-05-11,203,2026051105017661,HRL,58,35,10,704.00,"7,040.00"
2026-05-11,204,2026051105017660,HRL,62,35,170,704.00,"119,680.00"
2026-05-11,205,2026051105017555,IHL,50,43,10,397.00,"3,970.00"
2026-05-11,206,2026051105017554,IHL,50,7,10,396.00,"3,960.00"
2026-05-11,207,2026051105017328,IHL,74,59,200,396.00,"79,200.00"
2026-05-11,208,2026051105017327,IHL,74,43,50,395.10,"19,755.00"
2026-05-11,209,2026051105017226,IHL,74,26,114,395.00,"45,030.00"
2026-05-11,210,2026051105017425,IHL,50,7,10,396.00,"3,960.00"
2026-05-11,211,2026051105017367,IHL,39,7,30,396.00,"11,880.00"
2026-05-11,212,2026051105017329,IHL,74,7,150,396.00,"59,400.00"
2026-05-11,213,2026051105017681,ILI,13,57,10,443.00,"4,430.00"
2026-05-11,214,2026051105017379,ILI,16,45,11,442.10,"4,863.10"
2026-05-11,215,2026051105017671,MAKAR,47,41,400,492.00,"196,800.00"
2026-05-11,216,2026051105017666,MAKAR,39,53,150,491.20,"73,680.00"
2026-05-11,217,2026051105017665,MAKAR,53,53,50,491.20,"24,560.00"
2026-05-11,218,2026051105017317,MAKAR,53,35,450,491.20,"221,040.00"
2026-05-11,219,2026051105017316,MAKAR,36,35,50,492.00,"24,600.00"
2026-05-11,220,2026051105017288,MANDU,42,41,10,815.00,"8,150.00"
2026-05-11,221,2026051105017287,MANDU,42,57,10,815.00,"8,150.00"
2026-05-11,222,2026051105017286,MANDU,42,56,10,815.00,"8,150.00"
2026-05-11,223,2026051105017285,MANDU,42,58,10,815.00,"8,150.00"
2026-05-11,224,2026051105017678,MBJC,49,25,10,288.00,"2,880.00"
2026-05-11,225,2026051105017639,MBJC,91,49,136,287.10,"39,045.60"
2026-05-11,226,2026051105017610,MBJC,28,49,464,287.10,"133,214.40"
2026-05-11,227,2026051105017584,MBJC,19,49,370,287.10,"106,227.00"
2026-05-11,228,2026051105017450,MBJC,19,49,30,287.00,"8,610.00"
2026-05-11,229,2026051105017361,MBJC,19,96,10,286.50,"2,865.00"
2026-05-11,230,2026051105017230,MBJC,26,49,50,287.00,"14,350.00"
2026-05-11,231,2026051105017595,MCHL,58,42,200,321.00,"64,200.00"
2026-05-11,232,2026051105017567,MCHL,58,42,30,321.00,"9,630.00"
2026-05-11,233,2026051105017490,MCHL,45,42,80,321.00,"25,680.00"
2026-05-11,234,2026051105017427,MCHL,45,42,80,321.00,"25,680.00"
2026-05-11,235,2026051105017426,MCHL,58,42,50,321.10,"16,055.00"
2026-05-11,236,2026051105017289,MCHL,58,42,100,322.00,"32,200.00"
2026-05-11,237,2026051105017284,MCHL,45,17,20,321.00,"6,420.00"
2026-05-11,238,2026051105017649,MEHL,33,38,375,386.50,"144,937.50"
2026-05-11,239,2026051105017431,MEL,26,14,11,239.90,"2,638.90"
2026-05-11,240,2026051105017351,MEL,19,34,75,239.80,"17,985.00"
2026-05-11,241,2026051105017324,MEL,25,14,300,239.90,"71,970.00"
2026-05-11,242,2026051105017612,MEL,57,58,280,239.50,"67,060.00"
2026-05-11,243,2026051105017518,MEL,57,57,120,239.50,"28,740.00"
2026-05-11,244,2026051105017517,MEL,45,57,105,239.60,"25,158.00"
2026-05-11,245,2026051105017503,MEL,45,48,45,239.60,"10,782.00"
2026-05-11,246,2026051105017502,MEL,49,48,100,239.70,"23,970.00"
2026-05-11,247,2026051105017501,MEL,19,48,225,239.80,"53,955.00"
2026-05-11,248,2026051105017618,MEL,29,58,"1,000",239.10,"239,100.00"
2026-05-11,249,2026051105017617,MEL,45,58,30,239.10,"7,173.00"
2026-05-11,250,2026051105017616,MEL,34,58,879,239.20,"210,256.80"
2026-05-11,251,2026051105017615,MEL,26,58,200,239.30,"47,860.00"
2026-05-11,252,2026051105017614,MEL,58,58,40,239.30,"9,572.00"
2026-05-11,253,2026051105017613,MEL,57,58,80,239.40,"19,152.00"
2026-05-11,254,2026051105017619,MEL,43,58,"2,491",239.10,"595,598.10"
2026-05-11,255,2026051105017708,MHL,19,6,10,505.00,"5,050.00"
2026-05-11,256,2026051105017417,MHL,42,6,149,505.00,"75,245.00"
2026-05-11,257,2026051105017416,MHL,42,32,20,505.00,"10,100.00"
2026-05-11,258,2026051105017415,MHL,42,49,10,505.00,"5,050.00"
2026-05-11,259,2026051105017474,MKHC,11,58,60,322.00,"19,320.00"
2026-05-11,260,2026051105017473,MKHC,60,58,905,322.00,"291,410.00"
2026-05-11,261,2026051105017430,MKHC,42,58,10,322.50,"3,225.00"
2026-05-11,262,2026051105017355,MKHC,60,43,95,322.00,"30,590.00"
2026-05-11,263,2026051105017354,MKHC,33,43,90,322.00,"28,980.00"
2026-05-11,264,2026051105017353,MKHC,77,43,100,322.00,"32,200.00"
2026-05-11,265,2026051105017352,MKHC,92,43,215,322.10,"69,251.50"
2026-05-11,266,2026051105017413,MKHL,17,37,188,530.00,"99,640.00"
2026-05-11,267,2026051105017412,MKHL,17,33,10,530.00,"5,300.00"
2026-05-11,268,2026051105017411,MKHL,17,22,10,530.00,"5,300.00"
2026-05-11,269,2026051105017410,MKHL,17,7,10,530.00,"5,300.00"
2026-05-11,270,2026051105017409,MKHL,17,58,80,530.00,"42,400.00"
2026-05-11,271,2026051105017408,MKHL,17,11,10,530.00,"5,300.00"
2026-05-11,272,2026051105017407,MKHL,17,51,10,530.00,"5,300.00"
2026-05-11,273,2026051105017406,MKHL,17,4,50,529.00,"26,450.00"
2026-05-11,274,2026051105017405,MKHL,17,48,10,529.00,"5,290.00"
2026-05-11,275,2026051105017404,MKHL,17,58,80,527.10,"42,168.00"
2026-05-11,276,2026051105017403,MKHL,17,48,42,527.00,"22,134.00"
2026-05-11,277,2026051105017597,MKJC,65,45,140,500.00,"70,000.00"
2026-05-11,278,2026051105017596,MKJC,62,45,50,500.00,"25,000.00"
2026-05-11,279,2026051105017553,MMKJL,4,39,90,493.00,"44,370.00"
2026-05-11,280,2026051105017552,MMKJL,4,57,10,492.50,"4,925.00"
2026-05-11,281,2026051105017461,MSHL,58,39,30,709.00,"21,270.00"
2026-05-11,282,2026051105017460,MSHL,58,58,40,708.90,"28,356.00"
2026-05-11,283,2026051105017658,NIFRA,45,3,200,267.20,"53,440.00"
2026-05-11,284,2026051105017590,NIFRA,36,41,739,267.10,"197,386.90"
2026-05-11,285,2026051105017589,NIFRA,32,41,"1,000",267.10,"267,100.00"
2026-05-11,286,2026051105017588,NIFRA,45,41,31,267.10,"8,280.10"
2026-05-11,287,2026051105017587,NIFRA,58,41,180,267.10,"48,078.00"
2026-05-11,288,2026051105017511,NIFRA,58,17,70,267.10,"18,697.00"
2026-05-11,289,2026051105017445,NIFRA,57,3,890,267.20,"237,808.00"
2026-05-11,290,2026051105017314,NIFRA,57,42,10,267.20,"2,672.00"
2026-05-11,291,2026051105017295,NIFRA,49,59,60,267.80,"16,068.00"
2026-05-11,292,2026051105017294,NIFRA,49,34,10,267.50,"2,675.00"
2026-05-11,293,2026051105017235,NIFRA,49,59,30,267.80,"8,034.00"
2026-05-11,294,2026051105017706,NRIC,21,34,10,921.90,"9,219.00"
2026-05-11,295,2026051105017654,NRIC,38,34,10,922.00,"9,220.00"
2026-05-11,296,2026051105017653,NRIC,49,34,65,922.00,"59,930.00"
2026-05-11,297,2026051105017575,NRIC,49,57,200,922.00,"184,400.00"
2026-05-11,298,2026051105017574,NRIC,49,57,10,922.00,"9,220.00"
2026-05-11,299,2026051105017573,NRIC,49,41,74,922.00,"68,228.00"
2026-05-11,300,2026051105017572,NRIC,49,40,30,922.00,"27,660.00"
2026-05-11,301,2026051105017571,NRIC,49,22,100,922.00,"92,200.00"
2026-05-11,302,2026051105017570,NRIC,49,22,21,922.00,"19,362.00"
2026-05-11,303,2026051105017229,NRIC,75,22,29,922.00,"26,738.00"
2026-05-11,304,2026051105017228,NRIC,75,3,461,922.00,"425,042.00"
2026-05-11,305,2026051105017227,NRIC,75,6,10,921.90,"9,219.00"
2026-05-11,306,2026051105017692,NRM,52,62,10,404.90,"4,049.00"
2026-05-11,307,2026051105017642,NRM,48,62,10,404.90,"4,049.00"
2026-05-11,308,2026051105017564,NRM,48,57,530,402.00,"213,060.00"
2026-05-11,309,2026051105017357,NRM,52,49,20,400.10,"8,002.00"
2026-05-11,310,2026051105017356,NRM,52,49,80,400.10,"32,008.00"
2026-05-11,311,2026051105017221,NRM,74,57,270,402.00,"108,540.00"
2026-05-11,312,2026051105017220,NRM,74,56,200,402.00,"80,400.00"
2026-05-11,313,2026051105017219,NRM,74,58,10,401.00,"4,010.00"
2026-05-11,314,2026051105017625,NRN,42,42,346,"1,427.00","493,742.00"
2026-05-11,315,2026051105017624,NRN,42,74,44,"1,427.00","62,788.00"
2026-05-11,316,2026051105017568,NRN,53,52,19,"1,425.00","27,075.00"
2026-05-11,317,2026051105017279,NRN,14,42,13,"1,427.80","18,561.40"
2026-05-11,318,2026051105017332,NRN,42,49,575,"1,424.00","818,800.00"
2026-05-11,319,2026051105017331,NRN,42,49,400,"1,424.00","569,600.00"
2026-05-11,320,2026051105017330,NRN,40,49,25,"1,425.00","35,625.00"
2026-05-11,321,2026051105017280,NRN,14,58,22,"1,428.00","31,416.00"
2026-05-11,322,2026051105017542,NRN,46,45,1,"1,420.00","1,420.00"
2026-05-11,323,2026051105017391,NTC,39,45,10,890.00,"8,900.00"
2026-05-11,324,2026051105017390,NTC,39,50,10,889.90,"8,899.00"
2026-05-11,325,2026051105017275,NTC,77,32,10,888.00,"8,880.00"
2026-05-11,326,2026051105017469,NYADI,35,13,33,391.50,"12,919.50"
2026-05-11,327,2026051105017468,NYADI,42,13,127,391.50,"49,720.50"
2026-05-11,328,2026051105017467,NYADI,44,13,100,391.60,"39,160.00"
2026-05-11,329,2026051105017466,NYADI,29,13,10,391.60,"3,916.00"
2026-05-11,330,2026051105017449,NYADI,29,42,20,392.00,"7,840.00"
2026-05-11,331,2026051105017631,PHCL,74,57,183,315.00,"57,645.00"
2026-05-11,332,2026051105017630,PHCL,74,41,10,315.00,"3,150.00"
2026-05-11,333,2026051105017629,PHCL,74,44,587,314.90,"184,846.30"
2026-05-11,334,2026051105017628,PHCL,74,58,20,314.50,"6,290.00"
2026-05-11,335,2026051105017627,PHCL,74,58,200,314.50,"62,900.00"
2026-05-11,336,2026051105017459,PHCL,52,52,22,314.00,"6,908.00"
2026-05-11,337,2026051105017458,PHCL,52,54,200,313.90,"62,780.00"
2026-05-11,338,2026051105017348,PHCL,45,52,78,314.00,"24,492.00"
2026-05-11,339,2026051105017347,PHCL,45,45,100,314.00,"31,400.00"
2026-05-11,340,2026051105017346,PHCL,45,4,72,314.00,"22,608.00"
2026-05-11,341,2026051105017677,PPL,83,11,15,358.00,"5,370.00"
2026-05-11,342,2026051105017676,PPL,83,41,"1,000",358.00,"358,000.00"
2026-05-11,343,2026051105017675,PPL,83,4,480,358.00,"171,840.00"
2026-05-11,344,2026051105017674,PPL,83,11,980,357.90,"350,742.00"
2026-05-11,345,2026051105017672,PPL,34,11,10,357.90,"3,579.00"
2026-05-11,346,2026051105017652,PPL,34,11,10,357.90,"3,579.00"
2026-05-11,347,2026051105017338,PPL,59,4,20,358.00,"7,160.00"
2026-05-11,348,2026051105017337,PPL,59,34,10,357.90,"3,579.00"
2026-05-11,349,2026051105017336,PPL,59,1,15,357.00,"5,355.00"
2026-05-11,350,2026051105017335,PPL,59,28,15,356.50,"5,347.50"
2026-05-11,351,2026051105017276,PPL,13,17,20,356.00,"7,120.00"
2026-05-11,352,2026051105017306,PSF,89,25,"1,500",12.51,"18,765.00"
2026-05-11,353,2026051105017717,RAWA,10,39,50,607.00,"30,350.00"
2026-05-11,354,2026051105017541,RAWA,6,39,100,607.00,"60,700.00"
2026-05-11,355,2026051105017540,RAWA,6,39,100,607.90,"60,790.00"
2026-05-11,356,2026051105017686,RFPL,72,14,10,379.00,"3,790.00"
2026-05-11,357,2026051105017711,RHGCL,66,16,"1,000",301.90,"301,900.00"
2026-05-11,358,2026051105017586,RHGCL,34,34,500,300.00,"150,000.00"
2026-05-11,359,2026051105017396,RHGCL,66,16,100,301.90,"30,190.00"
2026-05-11,360,2026051105017638,RNLI,57,65,200,467.00,"93,400.00"
2026-05-11,361,2026051105017231,RNLI,42,42,12,467.10,"5,605.20"
2026-05-11,362,2026051105017428,RNLI,57,52,12,467.00,"5,604.00"
2026-05-11,363,2026051105017402,RNLI,57,58,12,467.00,"5,604.00"
2026-05-11,364,2026051105017521,RNLI,42,59,233,468.00,"109,044.00"
2026-05-11,365,2026051105017520,RNLI,42,41,12,467.50,"5,610.00"
2026-05-11,366,2026051105017710,SAHAS,52,58,300,644.00,"193,200.00"
2026-05-11,367,2026051105017611,SAHAS,42,49,3,645.00,"1,935.00"
2026-05-11,368,2026051105017608,SAHAS,45,42,30,643.00,"19,290.00"
2026-05-11,369,2026051105017563,SAHAS,58,58,50,644.00,"32,200.00"
2026-05-11,370,2026051105017562,SAHAS,45,58,47,644.00,"30,268.00"
2026-05-11,371,2026051105017561,SAHAS,60,58,357,644.90,"230,229.30"
2026-05-11,372,2026051105017296,SAHAS,34,33,"1,000",643.00,"643,000.00"
2026-05-11,373,2026051105017281,SAHAS,45,33,150,643.00,"96,450.00"
2026-05-11,374,2026051105017447,SAHAS,45,7,13,644.00,"8,372.00"
2026-05-11,375,2026051105017442,SAHAS,52,25,20,644.80,"12,896.00"
2026-05-11,376,2026051105017441,SAHAS,49,25,155,644.80,"99,944.00"
2026-05-11,377,2026051105017394,SAHAS,45,33,"2,986",643.00,"1,919,998.00"
2026-05-11,378,2026051105017392,SAHAS,34,33,"1,000",643.00,"643,000.00"
2026-05-11,379,2026051105017298,SAHAS,17,33,951,643.00,"611,493.00"
2026-05-11,380,2026051105017494,SAHAS,60,39,500,644.90,"322,450.00"
2026-05-11,381,2026051105017493,SAHAS,60,38,13,644.90,"8,383.70"
2026-05-11,382,2026051105017492,SAHAS,60,25,130,644.80,"83,824.00"
2026-05-11,383,2026051105017486,SAHAS,42,25,10,644.80,"6,448.00"
2026-05-11,384,2026051105017480,SAHAS,45,21,10,644.00,"6,440.00"
2026-05-11,385,2026051105017448,SAHAS,45,49,30,644.00,"19,320.00"
2026-05-11,386,2026051105017550,SANVI,91,39,10,706.10,"7,061.00"
2026-05-11,387,2026051105017423,SANVI,95,39,10,706.00,"7,060.00"
2026-05-11,388,2026051105017300,SANVI,95,6,10,706.00,"7,060.00"
2026-05-11,389,2026051105017274,SANVI,95,42,100,705.90,"70,590.00"
2026-05-11,390,2026051105017634,SFEF,49,4,"10,000",10.20,"102,000.00"
2026-05-11,391,2026051105017283,SFEF,49,4,"10,000",10.20,"102,000.00"
2026-05-11,392,2026051105017421,SGHC,59,49,480,374.00,"179,520.00"
2026-05-11,393,2026051105017305,SGHC,42,14,99,373.00,"36,927.00"
2026-05-11,394,2026051105017304,SGHC,42,20,500,372.80,"186,400.00"
2026-05-11,395,2026051105017303,SGHC,42,45,300,372.80,"111,840.00"
2026-05-11,396,2026051105017302,SGHC,42,45,55,372.80,"20,504.00"
2026-05-11,397,2026051105017301,SGHC,42,80,100,372.80,"37,280.00"
2026-05-11,398,2026051105017685,SHIVM,56,87,295,692.00,"204,140.00"
2026-05-11,399,2026051105017684,SHIVM,41,87,10,692.00,"6,920.00"
2026-05-11,400,2026051105017683,SHIVM,36,87,195,692.00,"134,940.00"
2026-05-11,401,2026051105017669,SHIVM,80,57,490,692.90,"339,521.00"
2026-05-11,402,2026051105017668,SHIVM,80,57,510,692.90,"353,379.00"
2026-05-11,403,2026051105017609,SHIVM,14,57,100,692.90,"69,290.00"
2026-05-11,404,2026051105017364,SHIVM,52,45,31,692.00,"21,452.00"
2026-05-11,405,2026051105017363,SHIVM,52,3,205,691.90,"141,839.50"
2026-05-11,406,2026051105017362,SHIVM,52,58,275,691.80,"190,245.00"
2026-05-11,407,2026051105017349,SHIVM,69,67,200,691.10,"138,220.00"
2026-05-11,408,2026051105017291,SHIVM,56,42,102,691.00,"70,482.00"
2026-05-11,409,2026051105017434,SHIVM,36,21,111,692.00,"76,812.00"
2026-05-11,410,2026051105017433,SHIVM,36,13,30,692.00,"20,760.00"
2026-05-11,411,2026051105017432,SHIVM,36,89,151,692.00,"104,492.00"
2026-05-11,412,2026051105017424,SHIVM,46,89,10,692.00,"6,920.00"
2026-05-11,413,2026051105017366,SHIVM,52,89,139,692.00,"96,188.00"
2026-05-11,414,2026051105017365,SHIVM,52,58,50,692.00,"34,600.00"
2026-05-11,415,2026051105017512,SHIVM,6,75,220,693.00,"152,460.00"
2026-05-11,416,2026051105017465,SHIVM,74,75,80,693.00,"55,440.00"
2026-05-11,417,2026051105017464,SHIVM,74,75,500,693.00,"346,500.00"
2026-05-11,418,2026051105017463,SHIVM,74,57,10,693.00,"6,930.00"
2026-05-11,419,2026051105017462,SHIVM,74,49,10,692.30,"6,923.00"
2026-05-11,420,2026051105017435,SHIVM,36,57,269,692.00,"186,148.00"
2026-05-11,421,2026051105017579,SHIVM,59,57,100,692.90,"69,290.00"
2026-05-11,422,2026051105017546,SHIVM,36,80,244,692.00,"168,848.00"
2026-05-11,423,2026051105017545,SHIVM,69,80,"1,380",692.10,"955,098.00"
2026-05-11,424,2026051105017522,SHIVM,69,34,200,692.10,"138,420.00"
2026-05-11,425,2026051105017514,SHIVM,6,75,330,693.00,"228,690.00"
2026-05-11,426,2026051105017513,SHIVM,6,75,500,693.00,"346,500.00"
2026-05-11,427,2026051105017626,SIKLES,36,45,20,592.00,"11,840.00"
2026-05-11,428,2026051105017670,SMATA,32,14,189,778.60,"147,155.40"
2026-05-11,429,2026051105017556,SMATA,57,14,50,779.00,"38,950.00"
2026-05-11,430,2026051105017523,SMATA,57,45,10,779.00,"7,790.00"
2026-05-11,431,2026051105017488,SMATA,5,45,10,779.00,"7,790.00"
2026-05-11,432,2026051105017487,SMATA,5,16,10,778.90,"7,789.00"
2026-05-11,433,2026051105017222,SMH,19,96,20,582.00,"11,640.00"
2026-05-11,434,2026051105017691,SMHL,48,39,10,511.40,"5,114.00"
2026-05-11,435,2026051105017641,SMHL,62,44,100,511.00,"51,100.00"
2026-05-11,436,2026051105017632,SMHL,4,39,70,511.40,"35,798.00"
2026-05-11,437,2026051105017607,SMHL,62,16,20,511.00,"10,220.00"
2026-05-11,438,2026051105017606,SMHL,62,32,44,511.00,"22,484.00"
2026-05-11,439,2026051105017605,SMHL,62,33,500,511.00,"255,500.00"
2026-05-11,440,2026051105017604,SMHL,62,41,42,511.00,"21,462.00"
2026-05-11,441,2026051105017603,SMHL,62,39,50,510.90,"25,545.00"
2026-05-11,442,2026051105017444,SMHL,34,58,20,510.10,"10,202.00"
2026-05-11,443,2026051105017705,SMJC,43,96,10,453.00,"4,530.00"
2026-05-11,444,2026051105017698,SMJC,57,96,47,453.00,"21,291.00"
2026-05-11,445,2026051105017697,SMJC,57,49,10,452.00,"4,520.00"
2026-05-11,446,2026051105017696,SMJC,57,58,10,452.00,"4,520.00"
2026-05-11,447,2026051105017695,SMJC,57,45,133,452.00,"60,116.00"
2026-05-11,448,2026051105017694,SMJC,57,7,10,452.00,"4,520.00"
2026-05-11,449,2026051105017693,SMJC,57,52,90,452.00,"40,680.00"
2026-05-11,450,2026051105017656,SMJC,19,52,10,452.00,"4,520.00"
2026-05-11,451,2026051105017566,SMJC,52,22,10,451.00,"4,510.00"
2026-05-11,452,2026051105017515,SMJC,74,52,200,452.00,"90,400.00"
2026-05-11,453,2026051105017395,SMJC,29,52,700,452.00,"316,400.00"
2026-05-11,454,2026051105017382,SMJC,57,58,10,451.90,"4,519.00"
2026-05-11,455,2026051105017687,SONA,48,16,20,443.90,"8,878.00"
2026-05-11,456,2026051105017679,SONA,29,16,20,443.90,"8,878.00"
2026-05-11,457,2026051105017640,SONA,57,42,10,441.00,"4,410.00"
2026-05-11,458,2026051105017524,SONA,56,42,40,441.00,"17,640.00"
2026-05-11,459,2026051105017479,SONA,57,16,10,443.00,"4,430.00"
2026-05-11,460,2026051105017339,SONA,56,38,10,441.00,"4,410.00"
2026-05-11,461,2026051105017315,SONA,57,16,10,443.00,"4,430.00"
2026-05-11,462,2026051105017277,SONA,57,45,460,443.00,"203,780.00"
2026-05-11,463,2026051105017620,SPC,22,58,44,470.00,"20,680.00"
2026-05-11,464,2026051105017489,SPC,45,11,20,471.00,"9,420.00"
2026-05-11,465,2026051105017633,SPHL,42,58,10,519.00,"5,190.00"
2026-05-11,466,2026051105017443,SPHL,28,35,10,514.00,"5,140.00"
2026-05-11,467,2026051105017531,SPL,53,47,10,714.00,"7,140.00"
2026-05-11,468,2026051105017525,TAMOR,33,40,80,440.50,"35,240.00"
2026-05-11,469,2026051105017470,TAMOR,4,40,10,440.50,"4,405.00"
2026-05-11,470,2026051105017429,TAMOR,4,49,10,442.00,"4,420.00"
2026-05-11,471,2026051105017539,TPC,45,17,171,375.00,"64,125.00"
2026-05-11,472,2026051105017538,TPC,45,45,10,375.00,"3,750.00"
2026-05-11,473,2026051105017537,TPC,45,49,20,375.00,"7,500.00"
2026-05-11,474,2026051105017536,TPC,45,54,14,375.00,"5,250.00"
2026-05-11,475,2026051105017311,TPC,18,57,200,374.80,"74,960.00"
2026-05-11,476,2026051105017438,TPC,48,48,200,374.40,"74,880.00"
2026-05-11,477,2026051105017437,TPC,11,48,500,374.80,"187,400.00"
2026-05-11,478,2026051105017436,TPC,18,48,20,374.80,"7,496.00"
2026-05-11,479,2026051105017535,TPC,45,33,200,375.00,"75,000.00"
2026-05-11,480,2026051105017534,TPC,45,38,10,374.90,"3,749.00"
2026-05-11,481,2026051105017533,TPC,45,58,50,374.90,"18,745.00"
2026-05-11,482,2026051105017532,TPC,45,48,25,374.00,"9,350.00"
2026-05-11,483,2026051105017446,TPC,35,48,50,374.00,"18,700.00"
2026-05-11,484,2026051105017439,TPC,49,48,100,374.00,"37,400.00"
2026-05-11,485,2026051105017340,TSHL,58,46,30,612.00,"18,360.00"
2026-05-11,486,2026051105017565,TVCL,49,22,50,544.90,"27,245.00"
2026-05-11,487,2026051105017495,TVCL,45,14,100,542.00,"54,200.00"
2026-05-11,488,2026051105017593,ULHC,56,43,10,512.00,"5,120.00"
2026-05-11,489,2026051105017527,ULHC,56,43,10,512.00,"5,120.00"
2026-05-11,490,2026051105017483,ULHC,56,43,10,512.00,"5,120.00"
2026-05-11,491,2026051105017453,ULHC,56,43,10,512.00,"5,120.00"
2026-05-11,492,2026051105017422,ULHC,56,43,10,512.00,"5,120.00"
2026-05-11,493,2026051105017313,ULHC,44,60,50,505.30,"25,265.00"
2026-05-11,494,2026051105017312,ULHC,42,60,50,506.10,"25,305.00"
2026-05-11,495,2026051105017282,ULHC,39,43,10,512.00,"5,120.00"
2026-05-11,496,2026051105017701,USHL,34,59,10,645.00,"6,450.00"
2026-05-11,497,2026051105017700,USHL,34,57,10,643.00,"6,430.00"
2026-05-11,498,2026051105017699,USHL,34,57,10,638.00,"6,380.00"
2026-05-11,499,2026051105017599,VLUCL,35,46,10,494.90,"4,949.00"
2026-05-11,500,2026051105017598,VLUCL,35,42,20,494.00,"9,880.00"
2026-05-11,501,2026051105017132,AHL,56,74,500,513.00,"256,500.00"
2026-05-11,502,2026051105017007,AHL,56,1,10,513.00,"5,130.00"
2026-05-11,503,2026051105016803,AHL,56,56,225,513.00,"115,425.00"
2026-05-11,504,2026051105016802,AHL,83,56,775,513.10,"397,652.50"
2026-05-11,505,2026051105016744,AHL,83,62,25,513.10,"12,827.50"
2026-05-11,506,2026051105017181,BEDC,77,14,100,383.00,"38,300.00"
2026-05-11,507,2026051105017122,BEDC,34,14,100,383.00,"38,300.00"
2026-05-11,508,2026051105017018,BEDC,77,14,30,383.00,"11,490.00"
2026-05-11,509,2026051105016978,BEDC,66,53,20,384.00,"7,680.00"
2026-05-11,510,2026051105016798,BEDC,44,32,10,382.00,"3,820.00"
2026-05-11,511,2026051105016797,BEDC,44,45,54,382.00,"20,628.00"
2026-05-11,512,2026051105017070,BGWT,13,47,70,672.00,"47,040.00"
2026-05-11,513,2026051105016759,BGWT,8,22,90,674.00,"60,660.00"
2026-05-11,514,2026051105017021,BHDC,58,14,20,475.00,"9,500.00"
2026-05-11,515,2026051105017200,BHL,22,50,130,226.80,"29,484.00"
2026-05-11,516,2026051105017199,BHL,49,50,"1,470",227.00,"333,690.00"
2026-05-11,517,2026051105017179,BHL,49,1,30,227.00,"6,810.00"
2026-05-11,518,2026051105017178,BHL,19,1,70,227.00,"15,890.00"
2026-05-11,519,2026051105017173,BHL,19,49,10,227.00,"2,270.00"
2026-05-11,520,2026051105017131,BHL,38,57,34,227.50,"7,735.00"
2026-05-11,521,2026051105016901,BHL,62,53,10,227.10,"2,271.00"
2026-05-11,522,2026051105016817,BHL,62,58,40,227.10,"9,084.00"
2026-05-11,523,2026051105016760,BHL,62,49,58,227.10,"13,171.80"
2026-05-11,524,2026051105016746,BHL,62,53,33,227.00,"7,491.00"
2026-05-11,525,2026051105017072,BHL,38,21,100,226.90,"22,690.00"
2026-05-11,526,2026051105017071,BHL,34,21,484,226.90,"109,819.60"
2026-05-11,527,2026051105016986,BHL,4,21,880,227.00,"199,760.00"
2026-05-11,528,2026051105016946,BHL,29,21,30,227.10,"6,813.00"
2026-05-11,529,2026051105016924,BHL,62,21,814,227.10,"184,859.40"
2026-05-11,530,2026051105016910,BHL,62,50,195,227.10,"44,284.50"
2026-05-11,531,2026051105017117,BHL,19,21,20,227.00,"4,540.00"
2026-05-11,532,2026051105017107,BHL,45,10,216,226.70,"48,967.20"
2026-05-11,533,2026051105017106,BHL,32,10,500,226.70,"113,350.00"
2026-05-11,534,2026051105017105,BHL,45,10,284,226.90,"64,439.60"
2026-05-11,535,2026051105017102,BHL,54,21,100,227.00,"22,700.00"
2026-05-11,536,2026051105017073,BHL,45,21,416,226.90,"94,390.40"
2026-05-11,537,2026051105017130,BHL,38,58,210,227.50,"47,775.00"
2026-05-11,538,2026051105017129,BHL,38,44,100,227.50,"22,750.00"
2026-05-11,539,2026051105017128,BHL,38,42,100,227.40,"22,740.00"
2026-05-11,540,2026051105017127,BHL,38,74,400,227.40,"90,960.00"
2026-05-11,541,2026051105017126,BHL,38,21,156,227.10,"35,427.60"
2026-05-11,542,2026051105017118,BHL,19,38,100,227.00,"22,700.00"
2026-05-11,543,2026051105017110,BHPL,39,65,50,532.00,"26,600.00"
2026-05-11,544,2026051105017001,BHPL,70,65,10,532.00,"5,320.00"
2026-05-11,545,2026051105017000,BHPL,70,65,10,532.00,"5,320.00"
2026-05-11,546,2026051105016818,BHPL,39,65,700,532.00,"372,400.00"
2026-05-11,547,2026051105016914,BNHC,47,58,10,335.00,"3,350.00"
2026-05-11,548,2026051105016741,BNHC,47,58,184,335.00,"61,640.00"
2026-05-11,549,2026051105016740,BNHC,16,58,806,335.00,"270,010.00"
2026-05-11,550,2026051105017194,CHDC,14,39,25,"2,339.00","58,475.00"
2026-05-11,551,2026051105017068,CHDC,82,21,170,"2,340.00","397,800.00"
2026-05-11,552,2026051105017067,CHDC,82,96,"1,000","2,340.00","2,340,000.00"
2026-05-11,553,2026051105017066,CHDC,82,20,10,"2,340.00","23,400.00"
2026-05-11,554,2026051105017065,CHDC,82,77,500,"2,340.00","1,170,000.00"
2026-05-11,555,2026051105017064,CHDC,82,57,100,"2,340.00","234,000.00"
2026-05-11,556,2026051105016793,CHDC,82,39,50,"2,339.00","116,950.00"
2026-05-11,557,2026051105016736,CHDC,53,58,38,"2,338.00","88,844.00"
2026-05-11,558,2026051105017063,CHDC,82,7,20,"2,340.00","46,800.00"
2026-05-11,559,2026051105017062,CHDC,82,100,200,"2,339.70","467,940.00"
2026-05-11,560,2026051105017024,CHDC,57,7,20,"2,340.00","46,800.00"
2026-05-11,561,2026051105017023,CHDC,57,39,30,"2,339.90","70,197.00"
2026-05-11,562,2026051105016795,CHDC,82,65,47,"2,339.90","109,975.30"
2026-05-11,563,2026051105016794,CHDC,82,11,20,"2,339.00","46,780.00"
2026-05-11,564,2026051105017109,CIT,7,35,50,"1,774.20","88,710.00"
2026-05-11,565,2026051105017081,CIT,5,35,10,"1,774.20","17,742.00"
2026-05-11,566,2026051105017006,CIT,7,49,200,"1,774.90","354,980.00"
2026-05-11,567,2026051105016752,CIT,58,34,105,"1,775.00","186,375.00"
2026-05-11,568,2026051105016751,CIT,58,58,73,"1,775.00","129,575.00"
2026-05-11,569,2026051105016750,CIT,58,11,13,"1,774.90","23,073.70"
2026-05-11,570,2026051105017208,DOLTI,54,38,100,360.00,"36,000.00"
2026-05-11,571,2026051105017119,DOLTI,11,38,150,360.00,"54,000.00"
2026-05-11,572,2026051105016954,DOLTI,66,38,50,360.00,"18,000.00"
2026-05-11,573,2026051105016913,DOLTI,58,36,86,359.00,"30,874.00"
2026-05-11,574,2026051105016906,DOLTI,42,49,41,358.10,"14,682.10"
2026-05-11,575,2026051105016905,DOLTI,54,49,50,358.50,"17,925.00"
2026-05-11,576,2026051105016764,DOLTI,32,54,475,359.00,"170,525.00"
2026-05-11,577,2026051105016763,DOLTI,32,52,75,359.00,"26,925.00"
2026-05-11,578,2026051105016732,DOLTI,57,52,20,359.00,"7,180.00"
2026-05-11,579,2026051105016904,DOLTI,32,49,46,358.60,"16,495.60"
2026-05-11,580,2026051105016903,DOLTI,16,49,100,358.70,"35,870.00"
2026-05-11,581,2026051105016902,DOLTI,22,49,15,358.80,"5,382.00"
2026-05-11,582,2026051105016896,DOLTI,48,36,100,359.00,"35,900.00"
2026-05-11,583,2026051105016836,DOLTI,49,36,100,359.00,"35,900.00"
2026-05-11,584,2026051105016792,DOLTI,4,54,25,359.00,"8,975.00"
2026-05-11,585,2026051105017212,DORDI,58,45,28,280.00,"7,840.00"
2026-05-11,586,2026051105017096,DORDI,58,45,626,280.00,"175,280.00"
2026-05-11,587,2026051105017095,DORDI,58,47,30,280.00,"8,400.00"
2026-05-11,588,2026051105017094,DORDI,58,58,20,280.00,"5,600.00"
2026-05-11,589,2026051105017093,DORDI,58,6,20,280.00,"5,600.00"
2026-05-11,590,2026051105017092,DORDI,58,11,100,280.00,"28,000.00"
2026-05-11,591,2026051105017003,DORDI,67,48,127,280.00,"35,560.00"
2026-05-11,592,2026051105016965,DORDI,36,48,649,280.00,"181,720.00"
2026-05-11,593,2026051105016957,DORDI,1,48,20,280.00,"5,600.00"
2026-05-11,594,2026051105016820,DORDI,44,26,36,279.90,"10,076.40"
2026-05-11,595,2026051105016819,DORDI,8,26,14,279.90,"3,918.60"
2026-05-11,596,2026051105016718,DORDI,57,48,35,280.00,"9,800.00"
2026-05-11,597,2026051105017091,DORDI,58,42,30,280.00,"8,400.00"
2026-05-11,598,2026051105017090,DORDI,58,41,10,280.00,"2,800.00"
2026-05-11,599,2026051105017089,DORDI,58,49,274,280.00,"76,720.00"
2026-05-11,600,2026051105017088,DORDI,58,4,20,280.00,"5,600.00"
2026-05-11,601,2026051105017087,DORDI,58,48,870,280.00,"243,600.00"
2026-05-11,602,2026051105017074,DORDI,44,48,20,279.90,"5,598.00"
2026-05-11,603,2026051105017085,EHPL,1,45,23,390.00,"8,970.00"
2026-05-11,604,2026051105017084,EHPL,14,45,90,390.00,"35,100.00"
2026-05-11,605,2026051105017083,EHPL,63,45,150,390.10,"58,515.00"
2026-05-11,606,2026051105017082,EHPL,50,45,100,390.20,"39,020.00"
2026-05-11,607,2026051105017174,GCIL,41,38,1,411.00,411.00
2026-05-11,608,2026051105017108,GCIL,41,41,17,422.50,"7,182.50"
2026-05-11,609,2026051105016974,GCIL,33,41,68,424.00,"28,832.00"
2026-05-11,610,2026051105016826,GCIL,33,58,12,424.00,"5,088.00"
2026-05-11,611,2026051105016800,GCIL,54,41,85,423.90,"36,031.50"
2026-05-11,612,2026051105016743,GCIL,58,58,10,424.00,"4,240.00"
2026-05-11,613,2026051105016944,GCIL,33,52,20,424.00,"8,480.00"
2026-05-11,614,2026051105016991,GVL,60,54,189,496.10,"93,762.90"
2026-05-11,615,2026051105016990,GVL,60,6,11,496.00,"5,456.00"
2026-05-11,616,2026051105016973,GVL,4,54,70,496.10,"34,727.00"
2026-05-11,617,2026051105016893,GVL,14,60,200,494.30,"98,860.00"
2026-05-11,618,2026051105016757,GVL,49,34,12,496.00,"5,952.00"
2026-05-11,619,2026051105016727,GVL,49,70,11,496.00,"5,456.00"
2026-05-11,620,2026051105016938,HATHY,21,58,2,821.00,"1,642.00"
2026-05-11,621,2026051105017012,HDL,46,19,50,"1,175.00","58,750.00"
2026-05-11,622,2026051105016720,HDL,36,49,34,"1,175.00","39,950.00"
2026-05-11,623,2026051105016899,HDL,86,34,25,"1,175.40","29,385.00"
2026-05-11,624,2026051105016721,HDL,46,49,66,"1,175.00","77,550.00"
2026-05-11,625,2026051105016950,HDL,46,51,300,"1,175.00","352,500.00"
2026-05-11,626,2026051105016917,HDL,46,40,46,"1,175.00","54,050.00"
2026-05-11,627,2026051105016916,HDL,46,40,100,"1,175.40","117,540.00"
2026-05-11,628,2026051105016915,HDL,86,40,154,"1,175.50","181,027.00"
2026-05-11,629,2026051105016912,HDL,86,39,21,"1,175.50","24,685.50"
2026-05-11,630,2026051105017125,HHL,41,16,10,386.00,"3,860.00"
2026-05-11,631,2026051105017104,HHL,49,16,315,386.00,"121,590.00"
2026-05-11,632,2026051105017020,HHL,49,46,100,386.00,"38,600.00"
2026-05-11,633,2026051105016997,HHL,58,21,500,386.50,"193,250.00"
2026-05-11,634,2026051105016994,HHL,49,16,30,386.00,"11,580.00"
2026-05-11,635,2026051105016754,HHL,45,26,100,385.50,"38,550.00"
2026-05-11,636,2026051105016749,HHL,49,32,260,386.00,"100,360.00"
2026-05-11,637,2026051105016748,HHL,49,5,100,386.00,"38,600.00"
2026-05-11,638,2026051105016747,HHL,49,64,100,385.90,"38,590.00"
2026-05-11,639,2026051105016738,HHL,95,64,400,385.90,"154,360.00"
2026-05-11,640,2026051105016737,HHL,95,64,500,385.90,"192,950.00"
2026-05-11,641,2026051105016985,HHL,49,32,55,386.00,"21,230.00"
2026-05-11,642,2026051105016976,HHL,19,32,15,386.00,"5,790.00"
2026-05-11,643,2026051105016975,HHL,28,26,49,385.90,"18,909.10"
2026-05-11,644,2026051105016919,HHL,94,32,20,386.00,"7,720.00"
2026-05-11,645,2026051105016755,HHL,49,26,500,385.50,"192,750.00"
2026-05-11,646,2026051105017204,HIDCL,57,4,15,274.00,"4,110.00"
2026-05-11,647,2026051105017040,HIDCL,49,45,10,273.70,"2,737.00"
2026-05-11,648,2026051105016958,HIDCL,38,45,41,273.70,"11,221.70"
2026-05-11,649,2026051105016895,HIDCL,39,4,150,274.00,"41,100.00"
2026-05-11,650,2026051105016812,HIDCL,21,4,10,274.00,"2,740.00"
2026-05-11,651,2026051105016766,HIDCL,94,4,33,274.00,"9,042.00"
2026-05-11,652,2026051105016765,HIDCL,94,42,367,273.90,"100,521.30"
2026-05-11,653,2026051105016722,HIDCL,38,17,380,273.50,"103,930.00"
2026-05-11,654,2026051105017202,HRL,49,46,1,695.00,695.00
2026-05-11,655,2026051105017100,HRL,48,58,25,704.00,"17,600.00"
2026-05-11,656,2026051105017099,HRL,49,58,65,704.00,"45,760.00"
2026-05-11,657,2026051105017098,HRL,49,39,35,704.00,"24,640.00"
2026-05-11,658,2026051105016770,HRL,45,58,40,704.80,"28,192.00"
2026-05-11,659,2026051105016769,HRL,45,40,50,704.60,"35,230.00"
2026-05-11,660,2026051105016768,HRL,45,39,100,704.50,"70,450.00"
2026-05-11,661,2026051105016739,HRL,49,38,10,704.00,"7,040.00"
2026-05-11,662,2026051105016828,HRL,14,22,30,704.00,"21,120.00"
2026-05-11,663,2026051105016827,HRL,49,22,30,704.00,"21,120.00"
2026-05-11,664,2026051105016821,HRL,49,52,10,704.00,"7,040.00"
2026-05-11,665,2026051105017013,HRL,19,39,100,704.00,"70,400.00"
2026-05-11,666,2026051105016995,HRL,58,39,30,704.00,"21,120.00"
2026-05-11,667,2026051105016949,HRL,49,72,1,703.00,703.00
2026-05-11,668,2026051105016911,HRL,14,39,120,704.00,"84,480.00"
2026-05-11,669,2026051105017054,HRL,49,39,30,704.00,"21,120.00"
2026-05-11,670,2026051105017210,IHL,91,26,86,395.00,"33,970.00"
2026-05-11,671,2026051105017209,IHL,91,38,214,395.00,"84,530.00"
2026-05-11,672,2026051105017184,IHL,25,38,500,395.00,"197,500.00"
2026-05-11,673,2026051105017123,IHL,50,38,200,395.00,"79,000.00"
2026-05-11,674,2026051105016968,IHL,54,38,150,395.00,"59,250.00"
2026-05-11,675,2026051105016761,IHL,96,59,114,395.00,"45,030.00"
2026-05-11,676,2026051105016898,IHL,57,38,100,395.00,"39,500.00"
2026-05-11,677,2026051105016806,IHL,91,38,200,395.00,"79,000.00"
2026-05-11,678,2026051105016762,IHL,96,38,636,395.00,"251,220.00"
2026-05-11,679,2026051105017041,ILI,20,58,12,442.10,"5,305.20"
2026-05-11,680,2026051105016921,ILI,45,21,10,442.90,"4,429.00"
2026-05-11,681,2026051105017027,MAKAR,51,4,52,491.10,"25,537.20"
2026-05-11,682,2026051105017142,MBJC,58,49,10,287.00,"2,870.00"
2026-05-11,683,2026051105016823,MBJC,28,57,10,285.40,"2,854.00"
2026-05-11,684,2026051105017097,MCHL,45,58,100,321.00,"32,100.00"
2026-05-11,685,2026051105017022,MCHL,58,42,20,322.00,"6,440.00"
2026-05-11,686,2026051105016900,MCHL,46,35,19,322.00,"6,118.00"
2026-05-11,687,2026051105017141,MEHL,58,38,25,386.50,"9,662.50"
2026-05-11,688,2026051105017140,MEHL,58,38,20,386.50,"7,730.00"
2026-05-11,689,2026051105017143,MEL,26,57,11,240.00,"2,640.00"
2026-05-11,690,2026051105017086,MEL,52,57,10,240.00,"2,400.00"
2026-05-11,691,2026051105016844,MEL,26,59,10,240.00,"2,400.00"
2026-05-11,692,2026051105016814,MEL,26,58,213,240.00,"51,120.00"
2026-05-11,693,2026051105016813,MEL,42,58,787,240.00,"188,880.00"
2026-05-11,694,2026051105017019,MEL,26,42,10,240.00,"2,400.00"
2026-05-11,695,2026051105016971,MEL,26,58,30,240.00,"7,200.00"
2026-05-11,696,2026051105017080,MEL,42,57,19,240.00,"4,560.00"
2026-05-11,697,2026051105017031,MEL,45,57,500,240.00,"120,000.00"
2026-05-11,698,2026051105017030,MEL,59,57,20,240.00,"4,800.00"
2026-05-11,699,2026051105017029,MEL,58,57,40,240.00,"9,600.00"
2026-05-11,700,2026051105017028,MEL,58,57,40,240.00,"9,600.00"
2026-05-11,701,2026051105017193,MHCL,19,57,10,355.00,"3,550.00"
2026-05-11,702,2026051105016931,MHCL,58,58,40,358.00,"14,320.00"
2026-05-11,703,2026051105016930,MHCL,58,60,100,358.00,"35,800.00"
2026-05-11,704,2026051105016929,MHCL,58,60,100,358.00,"35,800.00"
2026-05-11,705,2026051105016928,MHCL,58,28,10,357.00,"3,570.00"
2026-05-11,706,2026051105016927,MHCL,58,38,50,357.00,"17,850.00"
2026-05-11,707,2026051105016967,MHL,42,42,21,502.00,"10,542.00"
2026-05-11,708,2026051105016936,MHL,47,42,149,502.00,"74,798.00"
2026-05-11,709,2026051105016733,MHL,76,42,15,502.00,"7,530.00"
2026-05-11,710,2026051105016771,MKHC,52,58,"1,000",322.50,"322,500.00"
2026-05-11,711,2026051105017039,MSHL,43,42,50,703.50,"35,175.00"
2026-05-11,712,2026051105016999,NIFRA,34,59,10,267.80,"2,678.00"
2026-05-11,713,2026051105016998,NIFRA,34,16,140,267.80,"37,492.00"
2026-05-11,714,2026051105016972,NIFRA,41,16,10,267.80,"2,678.00"
2026-05-11,715,2026051105016969,NIFRA,34,34,10,267.00,"2,670.00"
2026-05-11,716,2026051105016948,NIFRA,34,6,200,267.00,"53,400.00"
2026-05-11,717,2026051105016926,NIFRA,34,48,54,267.00,"14,418.00"
2026-05-11,718,2026051105016849,NIFRA,34,58,100,267.00,"26,700.00"
2026-05-11,719,2026051105016742,NIFRA,34,49,64,267.00,"17,088.00"
2026-05-11,720,2026051105017211,NRIC,34,3,50,922.00,"46,100.00"
2026-05-11,721,2026051105017026,NRIC,58,3,50,922.00,"46,100.00"
2026-05-11,722,2026051105017011,NRIC,57,3,25,922.00,"23,050.00"
2026-05-11,723,2026051105017010,NRIC,58,3,10,922.00,"9,220.00"
2026-05-11,724,2026051105016918,NRIC,4,58,20,922.00,"18,440.00"
2026-05-11,725,2026051105016811,NRIC,4,36,10,922.00,"9,220.00"
2026-05-11,726,2026051105016810,NRIC,4,58,50,922.00,"46,100.00"
2026-05-11,727,2026051105016809,NRIC,4,58,10,922.00,"9,220.00"
2026-05-11,728,2026051105017009,NRIC,4,3,510,922.00,"470,220.00"
2026-05-11,729,2026051105017008,NRIC,71,3,485,922.50,"447,412.50"
2026-05-11,730,2026051105016966,NRIC,45,34,100,922.60,"92,260.00"
2026-05-11,731,2026051105016945,NRIC,19,34,100,922.60,"92,260.00"
2026-05-11,732,2026051105017205,NRM,35,41,21,401.00,"8,421.00"
2026-05-11,733,2026051105017055,NRM,52,51,10,400.10,"4,001.00"
2026-05-11,734,2026051105016956,NRM,52,38,10,400.10,"4,001.00"
2026-05-11,735,2026051105016955,NRM,39,32,50,401.90,"20,095.00"
2026-05-11,736,2026051105017133,NRN,14,39,20,"1,427.00","28,540.00"
2026-05-11,737,2026051105017079,NRN,42,48,600,"1,424.00","854,400.00"
2026-05-11,738,2026051105016887,NRN,14,39,45,"1,423.00","64,035.00"
2026-05-11,739,2026051105016758,NTC,3,50,10,889.90,"8,899.00"
2026-05-11,740,2026051105017185,NYADI,43,42,170,392.00,"66,640.00"
2026-05-11,741,2026051105017078,NYADI,48,42,90,392.00,"35,280.00"
2026-05-11,742,2026051105016796,NYADI,48,42,100,392.00,"39,200.00"
2026-05-11,743,2026051105017042,PHCL,45,38,10,313.20,"3,132.00"
2026-05-11,744,2026051105016953,PHCL,45,51,10,313.20,"3,132.00"
2026-05-11,745,2026051105016837,PHCL,45,38,10,313.20,"3,132.00"
2026-05-11,746,2026051105016808,PHCL,59,4,500,314.00,"157,000.00"
2026-05-11,747,2026051105016807,PHCL,49,4,60,314.00,"18,840.00"
2026-05-11,748,2026051105016801,PHCL,49,28,10,314.00,"3,140.00"
2026-05-11,749,2026051105016756,PHCL,49,89,10,314.00,"3,140.00"
2026-05-11,750,2026051105017139,PPL,13,74,300,356.00,"106,800.00"
2026-05-11,751,2026051105017138,PPL,13,57,15,356.00,"5,340.00"
2026-05-11,752,2026051105017137,PPL,13,35,100,356.00,"35,600.00"
2026-05-11,753,2026051105017136,PPL,13,36,19,356.00,"6,764.00"
2026-05-11,754,2026051105016959,PPL,34,38,15,355.10,"5,326.50"
2026-05-11,755,2026051105016791,PPL,13,36,481,356.00,"171,236.00"
2026-05-11,756,2026051105016784,PPL,13,34,10,355.10,"3,551.00"
2026-05-11,757,2026051105016790,PPL,13,45,382,355.90,"135,953.80"
2026-05-11,758,2026051105016789,PPL,13,34,10,355.90,"3,559.00"
2026-05-11,759,2026051105016788,PPL,13,42,10,355.40,"3,554.00"
2026-05-11,760,2026051105016787,PPL,13,13,30,355.40,"10,662.00"
2026-05-11,761,2026051105016786,PPL,13,34,12,355.30,"4,263.60"
2026-05-11,762,2026051105016785,PPL,13,34,10,355.20,"3,552.00"
2026-05-11,763,2026051105017213,PSF,89,22,"1,000",12.50,"12,500.00"
2026-05-11,764,2026051105017121,RAWA,32,34,10,608.00,"6,080.00"
2026-05-11,765,2026051105017198,RFPL,38,14,130,379.00,"49,270.00"
2026-05-11,766,2026051105017197,RFPL,38,57,40,379.00,"15,160.00"
2026-05-11,767,2026051105017196,RFPL,38,22,20,379.00,"7,580.00"
2026-05-11,768,2026051105017195,RFPL,38,58,200,379.00,"75,800.00"
2026-05-11,769,2026051105017051,RFPL,54,5,20,378.90,"7,578.00"
2026-05-11,770,2026051105017050,RFPL,54,21,20,378.90,"7,578.00"
2026-05-11,771,2026051105016846,RFPL,38,45,100,378.50,"37,850.00"
2026-05-11,772,2026051105016845,RFPL,38,44,510,378.50,"193,035.00"
2026-05-11,773,2026051105016839,RFPL,57,44,490,378.50,"185,465.00"
2026-05-11,774,2026051105016838,RFPL,57,34,10,378.50,"3,785.00"
2026-05-11,775,2026051105016780,RFPL,60,34,10,378.50,"3,785.00"
2026-05-11,776,2026051105016779,RFPL,60,57,20,378.50,"7,570.00"
2026-05-11,777,2026051105016847,RHGCL,68,72,200,301.90,"60,380.00"
2026-05-11,778,2026051105016805,RHGCL,68,58,100,301.00,"30,100.00"
2026-05-11,779,2026051105016804,RHGCL,68,41,10,301.00,"3,010.00"
2026-05-11,780,2026051105016778,RHGCL,72,49,10,299.10,"2,991.00"
2026-05-11,781,2026051105016850,RNLI,42,42,13,467.10,"6,072.30"
2026-05-11,782,2026051105016719,RNLI,42,58,12,467.10,"5,605.20"
2026-05-11,783,2026051105017214,SAHAS,36,33,83,643.00,"53,369.00"
2026-05-11,784,2026051105017182,SAHAS,66,33,10,643.00,"6,430.00"
2026-05-11,785,2026051105017172,SAHAS,58,33,20,643.00,"12,860.00"
2026-05-11,786,2026051105017171,SAHAS,6,33,500,643.00,"321,500.00"
2026-05-11,787,2026051105017170,SAHAS,49,33,10,643.00,"6,430.00"
2026-05-11,788,2026051105017169,SAHAS,28,33,300,643.00,"192,900.00"
2026-05-11,789,2026051105016816,SAHAS,48,59,30,644.90,"19,347.00"
2026-05-11,790,2026051105016815,SAHAS,48,32,76,644.90,"49,012.40"
2026-05-11,791,2026051105016753,SAHAS,1,49,300,644.50,"193,350.00"
2026-05-11,792,2026051105016731,SAHAS,1,36,10,644.50,"6,445.00"
2026-05-11,793,2026051105016724,SAHAS,45,32,155,644.90,"99,959.50"
2026-05-11,794,2026051105016723,SAHAS,57,32,150,644.90,"96,735.00"
2026-05-11,795,2026051105016856,SAHAS,45,32,200,645.00,"129,000.00"
2026-05-11,796,2026051105016855,SAHAS,45,22,400,645.00,"258,000.00"
2026-05-11,797,2026051105016854,SAHAS,45,22,500,645.00,"322,500.00"
2026-05-11,798,2026051105016853,SAHAS,45,44,13,645.00,"8,385.00"
2026-05-11,799,2026051105016852,SAHAS,45,59,500,645.00,"322,500.00"
2026-05-11,800,2026051105016851,SAHAS,45,1,13,645.00,"8,385.00"
2026-05-11,801,2026051105016862,SAHAS,45,58,13,645.00,"8,385.00"
2026-05-11,802,2026051105016861,SAHAS,45,45,50,645.00,"32,250.00"
2026-05-11,803,2026051105016860,SAHAS,45,58,430,645.00,"277,350.00"
2026-05-11,804,2026051105016859,SAHAS,45,58,13,645.00,"8,385.00"
2026-05-11,805,2026051105016858,SAHAS,45,83,"1,000",645.00,"645,000.00"
2026-05-11,806,2026051105016857,SAHAS,45,44,100,645.00,"64,500.00"
2026-05-11,807,2026051105016868,SAHAS,45,22,500,645.00,"322,500.00"
2026-05-11,808,2026051105016867,SAHAS,45,53,13,645.00,"8,385.00"
2026-05-11,809,2026051105016866,SAHAS,45,49,13,645.00,"8,385.00"
2026-05-11,810,2026051105016865,SAHAS,45,34,150,645.00,"96,750.00"
2026-05-11,811,2026051105016864,SAHAS,45,58,13,645.00,"8,385.00"
2026-05-11,812,2026051105016863,SAHAS,45,59,100,645.00,"64,500.00"
2026-05-11,813,2026051105016874,SAHAS,45,56,250,645.00,"161,250.00"
2026-05-11,814,2026051105016873,SAHAS,45,42,615,645.00,"396,675.00"
2026-05-11,815,2026051105016872,SAHAS,45,6,13,645.00,"8,385.00"
2026-05-11,816,2026051105016871,SAHAS,45,42,200,645.00,"129,000.00"
2026-05-11,817,2026051105016870,SAHAS,45,58,100,645.00,"64,500.00"
2026-05-11,818,2026051105016869,SAHAS,45,6,13,645.00,"8,385.00"
2026-05-11,819,2026051105016880,SAHAS,45,19,500,645.00,"322,500.00"
2026-05-11,820,2026051105016879,SAHAS,45,19,500,645.00,"322,500.00"
2026-05-11,821,2026051105016878,SAHAS,45,59,200,645.00,"129,000.00"
2026-05-11,822,2026051105016877,SAHAS,45,49,10,645.00,"6,450.00"
2026-05-11,823,2026051105016876,SAHAS,45,45,30,645.00,"19,350.00"
2026-05-11,824,2026051105016875,SAHAS,45,34,934,645.00,"602,430.00"
2026-05-11,825,2026051105016886,SAHAS,45,57,363,645.00,"234,135.00"
2026-05-11,826,2026051105016885,SAHAS,45,26,13,645.00,"8,385.00"
2026-05-11,827,2026051105016884,SAHAS,45,48,181,645.00,"116,745.00"
2026-05-11,828,2026051105016883,SAHAS,45,19,50,645.00,"32,250.00"
2026-05-11,829,2026051105016882,SAHAS,45,8,150,645.00,"96,750.00"
2026-05-11,830,2026051105016881,SAHAS,45,17,10,645.00,"6,450.00"
2026-05-11,831,2026051105016993,SAHAS,11,45,70,644.90,"45,143.00"
2026-05-11,832,2026051105016992,SAHAS,38,45,30,644.90,"19,347.00"
2026-05-11,833,2026051105016989,SAHAS,21,38,474,645.00,"305,730.00"
2026-05-11,834,2026051105016988,SAHAS,21,52,126,645.00,"81,270.00"
2026-05-11,835,2026051105016970,SAHAS,48,52,74,645.00,"47,730.00"
2026-05-11,836,2026051105016894,SAHAS,48,26,200,644.90,"128,980.00"
2026-05-11,837,2026051105017036,SAHAS,25,39,337,645.00,"217,365.00"
2026-05-11,838,2026051105017035,SAHAS,25,22,163,645.00,"105,135.00"
2026-05-11,839,2026051105017034,SAHAS,34,22,313,645.00,"201,885.00"
2026-05-11,840,2026051105017017,SAHAS,11,14,10,644.90,"6,449.00"
2026-05-11,841,2026051105017005,SAHAS,58,22,24,645.00,"15,480.00"
2026-05-11,842,2026051105017004,SAHAS,58,38,26,645.00,"16,770.00"
2026-05-11,843,2026051105017048,SAHAS,52,39,764,644.20,"492,168.80"
2026-05-11,844,2026051105017047,SAHAS,1,39,106,644.50,"68,317.00"
2026-05-11,845,2026051105017046,SAHAS,18,39,100,644.90,"64,490.00"
2026-05-11,846,2026051105017045,SAHAS,56,39,10,644.90,"6,449.00"
2026-05-11,847,2026051105017044,SAHAS,54,39,100,644.90,"64,490.00"
2026-05-11,848,2026051105017043,SAHAS,11,39,120,644.90,"77,388.00"
2026-05-11,849,2026051105017150,SAHAS,38,33,30,644.00,"19,320.00"
2026-05-11,850,2026051105017149,SAHAS,58,33,240,644.00,"154,560.00"
2026-05-11,851,2026051105017148,SAHAS,43,33,20,644.00,"12,880.00"
2026-05-11,852,2026051105017147,SAHAS,52,33,"1,236",644.20,"796,231.20"
2026-05-11,853,2026051105017146,SAHAS,45,33,"1,000",644.30,"644,300.00"
2026-05-11,854,2026051105017145,SAHAS,17,33,30,644.60,"19,338.00"
2026-05-11,855,2026051105017156,SAHAS,19,33,40,644.00,"25,760.00"
2026-05-11,856,2026051105017155,SAHAS,42,33,100,644.00,"64,400.00"
2026-05-11,857,2026051105017154,SAHAS,38,33,500,644.00,"322,000.00"
2026-05-11,858,2026051105017153,SAHAS,25,33,603,644.00,"388,332.00"
2026-05-11,859,2026051105017152,SAHAS,36,33,149,644.00,"95,956.00"
2026-05-11,860,2026051105017151,SAHAS,89,33,46,644.00,"29,624.00"
2026-05-11,861,2026051105017162,SAHAS,45,33,474,643.20,"304,876.80"
2026-05-11,862,2026051105017161,SAHAS,53,33,27,643.30,"17,369.10"
2026-05-11,863,2026051105017160,SAHAS,58,33,155,643.50,"99,742.50"
2026-05-11,864,2026051105017159,SAHAS,72,33,837,643.50,"538,609.50"
2026-05-11,865,2026051105017158,SAHAS,14,33,50,643.60,"32,180.00"
2026-05-11,866,2026051105017157,SAHAS,49,33,20,643.90,"12,878.00"
2026-05-11,867,2026051105017168,SAHAS,33,33,400,643.00,"257,200.00"
2026-05-11,868,2026051105017167,SAHAS,57,33,140,643.00,"90,020.00"
2026-05-11,869,2026051105017166,SAHAS,29,33,300,643.00,"192,900.00"
2026-05-11,870,2026051105017165,SAHAS,45,33,350,643.00,"225,050.00"
2026-05-11,871,2026051105017164,SAHAS,39,33,41,643.00,"26,363.00"
2026-05-11,872,2026051105017163,SAHAS,45,33,327,643.10,"210,293.70"
2026-05-11,873,2026051105017203,SANVI,35,50,90,705.00,"63,450.00"
2026-05-11,874,2026051105017183,SANVI,95,38,10,704.00,"7,040.00"
2026-05-11,875,2026051105017069,SANVI,48,50,210,705.00,"148,050.00"
2026-05-11,876,2026051105017049,SANVI,48,38,90,705.00,"63,450.00"
2026-05-11,877,2026051105016952,SANVI,57,42,10,703.00,"7,030.00"
2026-05-11,878,2026051105016843,SANVI,38,83,50,705.00,"35,250.00"
2026-05-11,879,2026051105016842,SANVI,58,83,480,705.00,"338,400.00"
2026-05-11,880,2026051105016841,SANVI,36,83,500,705.10,"352,550.00"
2026-05-11,881,2026051105016840,SANVI,91,83,50,705.20,"35,260.00"
2026-05-11,882,2026051105017077,SFEF,49,4,"9,900",10.20,"100,980.00"
2026-05-11,883,2026051105017076,SFEF,49,40,100,10.20,"1,020.00"
2026-05-11,884,2026051105017192,SGHC,42,38,650,372.00,"241,800.00"
2026-05-11,885,2026051105017191,SGHC,42,45,10,372.00,"3,720.00"
2026-05-11,886,2026051105017190,SGHC,42,58,10,372.00,"3,720.00"
2026-05-11,887,2026051105017189,SGHC,42,38,500,371.00,"185,500.00"
2026-05-11,888,2026051105017188,SGHC,42,38,411,371.00,"152,481.00"
2026-05-11,889,2026051105017187,SGHC,42,38,240,370.90,"89,016.00"
2026-05-11,890,2026051105016799,SGHC,21,38,20,371.00,"7,420.00"
2026-05-11,891,2026051105017144,SGHC,59,38,10,370.00,"3,700.00"
2026-05-11,892,2026051105017075,SGHC,59,50,65,370.00,"24,050.00"
2026-05-11,893,2026051105017025,SGHC,49,38,15,371.00,"5,565.00"
2026-05-11,894,2026051105016977,SGHC,59,42,20,370.00,"7,400.00"
2026-05-11,895,2026051105016942,SGHC,59,48,885,370.00,"327,450.00"
2026-05-11,896,2026051105016920,SGHC,59,42,20,370.00,"7,400.00"
2026-05-11,897,2026051105017135,SHIVM,6,6,950,690.10,"655,595.00"
2026-05-11,898,2026051105017134,SHIVM,47,6,50,690.10,"34,505.00"
2026-05-11,899,2026051105017116,SHIVM,43,45,269,692.00,"186,148.00"
2026-05-11,900,2026051105017115,SHIVM,43,44,100,692.00,"69,200.00"
2026-05-11,901,2026051105017114,SHIVM,43,54,62,692.00,"42,904.00"
2026-05-11,902,2026051105017113,SHIVM,43,25,44,692.00,"30,448.00"
2026-05-11,903,2026051105016907,SHIVM,26,20,77,690.00,"53,130.00"
2026-05-11,904,2026051105016825,SHIVM,58,101,380,688.90,"261,782.00"
2026-05-11,905,2026051105016822,SHIVM,77,101,500,688.90,"344,450.00"
2026-05-11,906,2026051105016782,SHIVM,38,20,23,690.00,"15,870.00"
2026-05-11,907,2026051105016781,SHIVM,38,42,25,690.00,"17,250.00"
2026-05-11,908,2026051105016767,SHIVM,62,3,100,690.90,"69,090.00"
2026-05-11,909,2026051105016960,SHIVM,26,42,311,691.00,"214,901.00"
2026-05-11,910,2026051105016934,SHIVM,66,42,689,691.00,"476,099.00"
2026-05-11,911,2026051105016933,SHIVM,66,51,100,691.00,"69,100.00"
2026-05-11,912,2026051105016932,SHIVM,66,40,111,691.00,"76,701.00"
2026-05-11,913,2026051105016909,SHIVM,26,43,200,690.00,"138,000.00"
2026-05-11,914,2026051105016908,SHIVM,26,67,100,690.00,"69,000.00"
2026-05-11,915,2026051105017002,SHIVM,36,38,60,691.00,"41,460.00"
2026-05-11,916,2026051105016996,SHIVM,26,41,85,691.90,"58,811.50"
2026-05-11,917,2026051105016979,SHIVM,36,45,116,691.00,"80,156.00"
2026-05-11,918,2026051105016964,SHIVM,26,67,38,690.00,"26,220.00"
2026-05-11,919,2026051105016963,SHIVM,26,67,62,691.00,"42,842.00"
2026-05-11,920,2026051105016961,SHIVM,26,38,127,691.00,"87,757.00"
2026-05-11,921,2026051105017112,SHIVM,43,57,10,692.00,"6,920.00"
2026-05-11,922,2026051105017111,SHIVM,43,41,15,691.90,"10,378.50"
2026-05-11,923,2026051105017037,SHIVM,34,38,200,690.00,"138,000.00"
2026-05-11,924,2026051105017016,SHIVM,34,40,271,690.00,"186,990.00"
2026-05-11,925,2026051105017015,SHIVM,57,40,25,690.00,"17,250.00"
2026-05-11,926,2026051105017014,SHIVM,36,40,524,691.00,"362,084.00"
2026-05-11,927,2026051105017201,SIKLES,58,38,11,591.00,"6,501.00"
2026-05-11,928,2026051105017101,SMATA,47,16,63,778.60,"49,051.80"
2026-05-11,929,2026051105017038,SMH,41,1,20,584.00,"11,680.00"
2026-05-11,930,2026051105017217,SMHL,36,41,100,511.00,"51,100.00"
2026-05-11,931,2026051105017216,SMHL,58,41,95,511.00,"48,545.00"
2026-05-11,932,2026051105017215,SMHL,25,41,63,511.00,"32,193.00"
2026-05-11,933,2026051105017207,SMHL,25,46,97,511.00,"49,567.00"
2026-05-11,934,2026051105017206,SMHL,4,46,113,511.00,"57,743.00"
2026-05-11,935,2026051105017053,SMHL,4,14,217,511.00,"110,887.00"
2026-05-11,936,2026051105017052,SMHL,42,14,283,511.00,"144,613.00"
2026-05-11,937,2026051105016783,SMHL,4,74,240,511.90,"122,856.00"
2026-05-11,938,2026051105016726,SMHL,4,74,160,511.90,"81,904.00"
2026-05-11,939,2026051105016725,SMHL,4,33,200,511.80,"102,360.00"
2026-05-11,940,2026051105017124,SMJC,57,45,200,451.90,"90,380.00"
2026-05-11,941,2026051105016947,SMJC,57,38,160,451.90,"72,304.00"
2026-05-11,942,2026051105016897,SMJC,57,77,10,451.00,"4,510.00"
2026-05-11,943,2026051105017177,SONA,57,35,10,443.00,"4,430.00"
2026-05-11,944,2026051105017175,SONA,57,38,10,443.00,"4,430.00"
2026-05-11,945,2026051105017103,SONA,57,22,10,443.00,"4,430.00"
2026-05-11,946,2026051105016745,SONA,57,59,10,443.90,"4,439.00"
2026-05-11,947,2026051105016892,SPC,68,68,100,470.00,"47,000.00"
2026-05-11,948,2026051105016891,SPC,68,11,20,470.00,"9,400.00"
2026-05-11,949,2026051105016890,SPC,68,36,10,470.00,"4,700.00"
2026-05-11,950,2026051105016889,SPC,68,36,425,470.00,"199,750.00"
2026-05-11,951,2026051105016888,SPC,68,38,10,470.00,"4,700.00"
2026-05-11,952,2026051105017061,TAMOR,16,74,897,443.00,"397,371.00"
2026-05-11,953,2026051105017060,TAMOR,16,28,10,443.00,"4,430.00"
2026-05-11,954,2026051105017059,TAMOR,16,48,400,443.00,"177,200.00"
2026-05-11,955,2026051105017058,TAMOR,16,58,131,443.00,"58,033.00"
2026-05-11,956,2026051105017057,TAMOR,16,42,92,442.90,"40,746.80"
2026-05-11,957,2026051105017056,TAMOR,16,45,70,442.90,"31,003.00"
2026-05-11,958,2026051105016775,TAMOR,33,58,480,442.00,"212,160.00"
2026-05-11,959,2026051105016774,TAMOR,33,58,"1,190",442.00,"525,980.00"
2026-05-11,960,2026051105016773,TAMOR,33,77,"2,000",441.90,"883,800.00"
2026-05-11,961,2026051105016772,TAMOR,33,49,740,441.90,"327,006.00"
2026-05-11,962,2026051105016735,TAMOR,4,49,20,441.90,"8,838.00"
2026-05-11,963,2026051105016734,TAMOR,4,49,340,441.80,"150,212.00"
2026-05-11,964,2026051105016984,TAMOR,4,45,195,442.90,"86,365.50"
2026-05-11,965,2026051105016983,TAMOR,4,32,15,442.80,"6,642.00"
2026-05-11,966,2026051105016943,TAMOR,75,40,10,440.10,"4,401.00"
2026-05-11,967,2026051105016824,TAMOR,4,22,10,440.20,"4,402.00"
2026-05-11,968,2026051105016777,TAMOR,33,45,570,442.90,"252,453.00"
2026-05-11,969,2026051105016776,TAMOR,33,14,20,442.90,"8,858.00"
2026-05-11,970,2026051105017180,TPC,41,25,"1,000",374.80,"374,800.00"
2026-05-11,971,2026051105016935,TPC,41,56,20,374.00,"7,480.00"
2026-05-11,972,2026051105016923,TPC,45,17,30,374.40,"11,232.00"
2026-05-11,973,2026051105016922,TPC,45,35,300,374.40,"112,320.00"
2026-05-11,974,2026051105016962,TVCL,40,28,97,540.00,"52,380.00"
2026-05-11,975,2026051105016951,TVCL,54,28,80,540.00,"43,200.00"
2026-05-11,976,2026051105017120,UHEWA,11,43,100,578.00,"57,800.00"
2026-05-11,977,2026051105016941,UHEWA,11,7,11,578.00,"6,358.00"
2026-05-11,978,2026051105016940,UHEWA,11,7,11,578.00,"6,358.00"
2026-05-11,979,2026051105016939,UHEWA,11,57,50,573.00,"28,650.00"
2026-05-11,980,2026051105017033,ULHC,44,60,122,505.30,"61,646.60"
2026-05-11,981,2026051105017032,ULHC,74,60,378,506.00,"191,268.00"
2026-05-11,982,2026051105016987,ULHC,39,49,10,512.00,"5,120.00"
2026-05-11,983,2026051105016834,ULHC,74,22,122,506.00,"61,732.00"
2026-05-11,984,2026051105016833,ULHC,26,22,35,506.00,"17,710.00"
2026-05-11,985,2026051105016832,ULHC,39,22,268,506.10,"135,634.80"
2026-05-11,986,2026051105016831,ULHC,35,22,25,507.00,"12,675.00"
2026-05-11,987,2026051105016830,ULHC,45,22,40,507.00,"20,280.00"
2026-05-11,988,2026051105016829,ULHC,58,22,10,507.00,"5,070.00"
2026-05-11,989,2026051105016730,ULHC,58,60,100,510.00,"51,000.00"
2026-05-11,990,2026051105016729,ULHC,57,60,110,510.00,"56,100.00"
2026-05-11,991,2026051105016728,ULHC,42,60,10,510.10,"5,101.00"
2026-05-11,992,2026051105017186,USHEC,5,52,10,498.10,"4,981.00"
2026-05-11,993,2026051105017176,USHEC,4,48,130,499.20,"64,896.00"
2026-05-11,994,2026051105016848,USHEC,6,48,40,500.00,"20,000.00"
2026-05-11,995,2026051105016835,USHEC,49,39,525,502.50,"263,812.50"
2026-05-11,996,2026051105016937,USHEC,4,48,260,499.20,"129,792.00"
2026-05-11,997,2026051105016925,USHEC,54,48,100,499.00,"49,900.00"
2026-05-11,998,2026051105016982,USHL,49,47,16,635.10,"10,161.60"
2026-05-11,999,2026051105016981,USHL,46,47,10,635.10,"6,351.00"
2026-05-11,1000,2026051105016980,USHL,38,47,10,635.10,"6,351.00"
2026-05-11,1001,2026051105016670,AHL,58,56,16,515.00,"8,240.00"
2026-05-11,1002,2026051105016330,AHL,36,56,150,515.00,"77,250.00"
2026-05-11,1003,2026051105016297,AHL,81,56,"1,000",513.10,"513,100.00"
2026-05-11,1004,2026051105016599,BEDC,58,46,20,380.90,"7,618.00"
2026-05-11,1005,2026051105016528,BEDC,77,6,10,380.10,"3,801.00"
2026-05-11,1006,2026051105016426,BEDC,49,47,10,381.90,"3,819.00"
2026-05-11,1007,2026051105016220,BEDC,41,59,30,380.20,"11,406.00"
2026-05-11,1008,2026051105016438,BEDC,77,45,60,380.10,"22,806.00"
2026-05-11,1009,2026051105016437,BEDC,48,45,100,380.10,"38,010.00"
2026-05-11,1010,2026051105016436,BEDC,56,45,200,380.20,"76,040.00"
2026-05-11,1011,2026051105016435,BEDC,14,45,220,380.30,"83,666.00"
2026-05-11,1012,2026051105016434,BEDC,57,45,20,381.00,"7,620.00"
2026-05-11,1013,2026051105016427,BEDC,49,54,40,381.90,"15,276.00"
2026-05-11,1014,2026051105016527,BEDC,57,45,146,382.00,"55,772.00"
2026-05-11,1015,2026051105016526,BEDC,57,53,300,382.00,"114,600.00"
2026-05-11,1016,2026051105016525,BEDC,57,54,10,381.90,"3,819.00"
2026-05-11,1017,2026051105016524,BEDC,57,52,"3,000",381.00,"1,143,000.00"
2026-05-11,1018,2026051105016480,BEDC,58,54,50,381.90,"19,095.00"
2026-05-11,1019,2026051105016566,BGWT,6,13,50,674.50,"33,725.00"
2026-05-11,1020,2026051105016565,BGWT,6,7,11,674.00,"7,414.00"
2026-05-11,1021,2026051105016564,BGWT,6,49,11,674.00,"7,414.00"
2026-05-11,1022,2026051105016563,BGWT,6,5,20,674.00,"13,480.00"
2026-05-11,1023,2026051105016640,BHDC,85,14,10,475.00,"4,750.00"
2026-05-11,1024,2026051105016535,BHDC,43,32,44,471.60,"20,750.40"
2026-05-11,1025,2026051105016302,BHDC,47,32,16,471.50,"7,544.00"
2026-05-11,1026,2026051105016705,BHL,58,53,43,227.00,"9,761.00"
2026-05-11,1027,2026051105016704,BHL,19,53,10,227.00,"2,270.00"
2026-05-11,1028,2026051105016703,BHL,43,53,239,227.00,"54,253.00"
2026-05-11,1029,2026051105016702,BHL,11,53,155,227.20,"35,216.00"
2026-05-11,1030,2026051105016694,BHL,11,10,345,227.10,"78,349.50"
2026-05-11,1031,2026051105016661,BHL,43,41,10,227.00,"2,270.00"
2026-05-11,1032,2026051105016348,BHL,58,38,25,226.70,"5,667.50"
2026-05-11,1033,2026051105016332,BHL,58,17,53,226.70,"12,015.10"
2026-05-11,1034,2026051105016261,BHL,58,21,100,226.70,"22,670.00"
2026-05-11,1035,2026051105016485,BHL,32,28,500,226.70,"113,350.00"
2026-05-11,1036,2026051105016476,BHL,6,44,400,226.90,"90,760.00"
2026-05-11,1037,2026051105016475,BHL,6,11,100,226.80,"22,680.00"
2026-05-11,1038,2026051105016418,BHL,45,49,278,226.60,"62,994.80"
2026-05-11,1039,2026051105016417,BHL,50,49,50,226.60,"11,330.00"
2026-05-11,1040,2026051105016416,BHL,58,49,12,226.70,"2,720.40"
2026-05-11,1041,2026051105016625,BHL,59,19,111,227.00,"25,197.00"
2026-05-11,1042,2026051105016604,BHL,34,56,50,226.90,"11,345.00"
2026-05-11,1043,2026051105016603,BHL,34,1,466,226.90,"105,735.40"
2026-05-11,1044,2026051105016543,BHL,58,1,100,226.90,"22,690.00"
2026-05-11,1045,2026051105016542,BHL,56,1,34,226.90,"7,714.60"
2026-05-11,1046,2026051105016505,BHL,56,44,120,226.90,"27,228.00"
2026-05-11,1047,2026051105016631,BHL,59,21,300,227.00,"68,100.00"
2026-05-11,1048,2026051105016630,BHL,59,58,20,227.00,"4,540.00"
2026-05-11,1049,2026051105016629,BHL,59,42,100,227.00,"22,700.00"
2026-05-11,1050,2026051105016628,BHL,59,32,10,227.00,"2,270.00"
2026-05-11,1051,2026051105016627,BHL,59,58,500,227.00,"113,500.00"
2026-05-11,1052,2026051105016626,BHL,59,48,150,227.00,"34,050.00"
2026-05-11,1053,2026051105016660,BHL,43,10,400,227.00,"90,800.00"
2026-05-11,1054,2026051105016659,BHL,43,34,250,227.00,"56,750.00"
2026-05-11,1055,2026051105016658,BHL,43,7,101,227.00,"22,927.00"
2026-05-11,1056,2026051105016634,BHL,59,7,399,227.00,"90,573.00"
2026-05-11,1057,2026051105016633,BHL,59,41,400,227.00,"90,800.00"
2026-05-11,1058,2026051105016632,BHL,59,58,10,227.00,"2,270.00"
2026-05-11,1059,2026051105016647,BHPL,46,65,160,532.00,"85,120.00"
2026-05-11,1060,2026051105016616,BHPL,34,17,100,531.30,"53,130.00"
2026-05-11,1061,2026051105016548,BHPL,17,65,80,532.00,"42,560.00"
2026-05-11,1062,2026051105016273,BHPL,42,65,50,532.00,"26,600.00"
2026-05-11,1063,2026051105016222,BHPL,42,57,40,532.00,"21,280.00"
2026-05-11,1064,2026051105016221,BHPL,42,65,10,532.00,"5,320.00"
2026-05-11,1065,2026051105016532,BNHC,16,38,10,335.00,"3,350.00"
2026-05-11,1066,2026051105016648,CHDC,53,39,50,"2,331.00","116,550.00"
2026-05-11,1067,2026051105016517,CHDC,82,83,100,"2,330.00","233,000.00"
2026-05-11,1068,2026051105016493,CHDC,58,91,98,"2,339.90","229,310.20"
2026-05-11,1069,2026051105016492,CHDC,58,25,12,"2,338.00","28,056.00"
2026-05-11,1070,2026051105016491,CHDC,58,5,10,"2,338.00","23,380.00"
2026-05-11,1071,2026051105016490,CHDC,58,101,10,"2,335.00","23,350.00"
2026-05-11,1072,2026051105016281,CHDC,82,39,12,"2,323.50","27,882.00"
2026-05-11,1073,2026051105016287,CHDC,82,6,62,"2,325.00","144,150.00"
2026-05-11,1074,2026051105016286,CHDC,82,58,12,"2,325.00","27,900.00"
2026-05-11,1075,2026051105016285,CHDC,82,56,12,"2,325.00","27,900.00"
2026-05-11,1076,2026051105016284,CHDC,82,96,150,"2,325.00","348,750.00"
2026-05-11,1077,2026051105016283,CHDC,82,26,100,"2,323.90","232,390.00"
2026-05-11,1078,2026051105016282,CHDC,82,39,10,"2,323.50","23,235.00"
2026-05-11,1079,2026051105016293,CHDC,82,96,255,"2,330.00","594,150.00"
2026-05-11,1080,2026051105016292,CHDC,82,5,100,"2,330.00","233,000.00"
2026-05-11,1081,2026051105016291,CHDC,82,33,500,"2,330.00","1,165,000.00"
2026-05-11,1082,2026051105016290,CHDC,82,65,50,"2,329.90","116,495.00"
2026-05-11,1083,2026051105016289,CHDC,82,51,20,"2,327.00","46,540.00"
2026-05-11,1084,2026051105016288,CHDC,82,16,500,"2,325.00","1,162,500.00"
2026-05-11,1085,2026051105016489,CHDC,58,16,100,"2,334.00","233,400.00"
2026-05-11,1086,2026051105016488,CHDC,58,39,20,"2,334.00","46,680.00"
2026-05-11,1087,2026051105016487,CHDC,58,49,50,"2,332.90","116,645.00"
2026-05-11,1088,2026051105016486,CHDC,58,66,100,"2,331.00","233,100.00"
2026-05-11,1089,2026051105016481,CHDC,82,39,100,"2,330.00","233,000.00"
2026-05-11,1090,2026051105016294,CHDC,82,40,200,"2,330.00","466,000.00"
2026-05-11,1091,2026051105016541,CIT,38,38,20,"1,774.50","35,490.00"
2026-05-11,1092,2026051105016410,CIT,45,38,29,"1,774.50","51,460.50"
2026-05-11,1093,2026051105016345,CIT,7,38,10,"1,774.50","17,745.00"
2026-05-11,1094,2026051105016574,CKHL,34,62,50,671.00,"33,550.00"
2026-05-11,1095,2026051105016618,CLI,38,38,13,459.10,"5,968.30"
2026-05-11,1096,2026051105016602,CLI,38,42,13,459.10,"5,968.30"
2026-05-11,1097,2026051105016546,CLI,38,42,66,459.10,"30,300.60"
2026-05-11,1098,2026051105016433,CLI,38,58,13,459.10,"5,968.30"
2026-05-11,1099,2026051105016429,CLI,38,87,13,459.10,"5,968.30"
2026-05-11,1100,2026051105016218,CLI,29,45,10,459.70,"4,597.00"
2026-05-11,1101,2026051105016621,DOLTI,58,52,100,359.00,"35,900.00"
2026-05-11,1102,2026051105016573,DOLTI,42,52,300,359.00,"107,700.00"
2026-05-11,1103,2026051105016501,DOLTI,74,52,"1,000",359.00,"359,000.00"
2026-05-11,1104,2026051105016494,DOLTI,57,52,500,359.00,"179,500.00"
2026-05-11,1105,2026051105016470,DOLTI,58,52,280,359.00,"100,520.00"
2026-05-11,1106,2026051105016419,DOLTI,89,52,20,359.00,"7,180.00"
2026-05-11,1107,2026051105016405,DOLTI,57,52,500,359.00,"179,500.00"
2026-05-11,1108,2026051105016299,DOLTI,36,52,60,359.00,"21,540.00"
2026-05-11,1109,2026051105016242,DOLTI,56,52,75,359.00,"26,925.00"
2026-05-11,1110,2026051105016241,DOLTI,56,46,25,358.90,"8,972.50"
2026-05-11,1111,2026051105016716,DORDI,8,43,36,279.90,"10,076.40"
2026-05-11,1112,2026051105016587,DORDI,67,34,127,279.90,"35,547.30"
2026-05-11,1113,2026051105016530,DORDI,67,26,100,279.80,"27,980.00"
2026-05-11,1114,2026051105016477,DORDI,36,36,50,279.40,"13,970.00"
2026-05-11,1115,2026051105016327,DORDI,58,34,50,279.90,"13,995.00"
2026-05-11,1116,2026051105016296,DORDI,36,45,250,279.40,"69,850.00"
2026-05-11,1117,2026051105016253,DORDI,36,42,51,279.40,"14,249.40"
2026-05-11,1118,2026051105016249,DORDI,42,34,20,279.90,"5,598.00"
2026-05-11,1119,2026051105016680,EHPL,14,58,10,390.00,"3,900.00"
2026-05-11,1120,2026051105016607,EHPL,40,38,500,390.00,"195,000.00"
2026-05-11,1121,2026051105016713,GCIL,54,58,12,423.90,"5,086.80"
2026-05-11,1122,2026051105016712,GCIL,54,14,53,423.90,"22,466.70"
2026-05-11,1123,2026051105016622,GCIL,41,28,12,422.50,"5,070.00"
2026-05-11,1124,2026051105016521,GCIL,10,14,10,423.90,"4,239.00"
2026-05-11,1125,2026051105016520,GCIL,10,8,10,423.90,"4,239.00"
2026-05-11,1126,2026051105016519,GCIL,10,74,30,423.90,"12,717.00"
2026-05-11,1127,2026051105016606,GCIL,41,57,12,422.50,"5,070.00"
2026-05-11,1128,2026051105016701,GVL,49,65,100,496.00,"49,600.00"
2026-05-11,1129,2026051105016700,GVL,49,41,11,496.00,"5,456.00"
2026-05-11,1130,2026051105016699,GVL,49,7,11,495.00,"5,445.00"
2026-05-11,1131,2026051105016698,GVL,49,42,10,495.00,"4,950.00"
2026-05-11,1132,2026051105016697,GVL,49,45,24,495.00,"11,880.00"
2026-05-11,1133,2026051105016696,GVL,49,22,10,495.00,"4,950.00"
2026-05-11,1134,2026051105016695,GVL,49,49,11,495.00,"5,445.00"
2026-05-11,1135,2026051105016301,GVL,1,74,215,494.00,"106,210.00"
2026-05-11,1136,2026051105016502,HATHY,57,38,2,800.00,"1,600.00"
2026-05-11,1137,2026051105016454,HATHY,25,49,12,822.00,"9,864.00"
2026-05-11,1138,2026051105016453,HATHY,21,49,11,822.00,"9,042.00"
2026-05-11,1139,2026051105016452,HATHY,13,49,100,822.10,"82,210.00"
2026-05-11,1140,2026051105016451,HATHY,32,49,60,822.10,"49,326.00"
2026-05-11,1141,2026051105016450,HATHY,58,49,45,822.20,"36,999.00"
2026-05-11,1142,2026051105016651,HDL,29,3,10,"1,175.50","11,755.00"
2026-05-11,1143,2026051105016320,HDL,53,45,90,"1,175.00","105,750.00"
2026-05-11,1144,2026051105016319,HDL,53,41,19,"1,175.00","22,325.00"
2026-05-11,1145,2026051105016420,HDL,45,84,80,"1,175.50","94,040.00"
2026-05-11,1146,2026051105016325,HDL,58,14,45,"1,175.50","52,897.50"
2026-05-11,1147,2026051105016324,HDL,58,34,50,"1,175.20","58,760.00"
2026-05-11,1148,2026051105016323,HDL,45,5,100,"1,175.10","117,510.00"
2026-05-11,1149,2026051105016537,HDL,53,17,41,"1,175.00","48,175.00"
2026-05-11,1150,2026051105016578,HDL,58,84,20,"1,175.50","23,510.00"
2026-05-11,1151,2026051105016545,HDL,58,84,10,"1,175.50","11,755.00"
2026-05-11,1152,2026051105016539,HDL,45,17,50,"1,175.00","58,750.00"
2026-05-11,1153,2026051105016538,HDL,32,17,10,"1,175.00","11,750.00"
2026-05-11,1154,2026051105016612,HDL,6,3,110,"1,175.50","129,305.00"
2026-05-11,1155,2026051105016611,HDL,6,84,390,"1,175.50","458,445.00"
2026-05-11,1156,2026051105016706,HHL,95,45,500,385.80,"192,900.00"
2026-05-11,1157,2026051105016692,HHL,45,34,100,385.50,"38,550.00"
2026-05-11,1158,2026051105016691,HHL,45,26,800,385.50,"308,400.00"
2026-05-11,1159,2026051105016650,HHL,49,25,50,385.00,"19,250.00"
2026-05-11,1160,2026051105016581,HHL,36,26,200,385.50,"77,100.00"
2026-05-11,1161,2026051105016425,HHL,58,8,10,385.40,"3,854.00"
2026-05-11,1162,2026051105016321,HHL,19,21,15,384.00,"5,760.00"
2026-05-11,1163,2026051105016559,HHL,49,28,490,385.00,"188,650.00"
2026-05-11,1164,2026051105016558,HHL,48,28,10,385.40,"3,854.00"
2026-05-11,1165,2026051105016534,HHL,48,8,490,385.40,"188,846.00"
2026-05-11,1166,2026051105016679,HIDCL,21,42,13,273.90,"3,560.70"
2026-05-11,1167,2026051105016669,HIDCL,38,45,10,273.50,"2,735.00"
2026-05-11,1168,2026051105016277,HIDCL,38,40,19,273.50,"5,196.50"
2026-05-11,1169,2026051105016657,HRL,52,22,30,704.00,"21,120.00"
2026-05-11,1170,2026051105016656,HRL,48,32,28,703.00,"19,684.00"
2026-05-11,1171,2026051105016655,HRL,50,32,40,703.00,"28,120.00"
2026-05-11,1172,2026051105016654,HRL,35,32,100,703.10,"70,310.00"
2026-05-11,1173,2026051105016653,HRL,58,32,100,703.20,"70,320.00"
2026-05-11,1174,2026051105016652,HRL,49,22,23,704.00,"16,192.00"
2026-05-11,1175,2026051105016245,HRL,40,48,40,703.00,"28,120.00"
2026-05-11,1176,2026051105016235,HRL,49,43,61,704.80,"42,992.80"
2026-05-11,1177,2026051105016234,HRL,49,51,10,703.50,"7,035.00"
2026-05-11,1178,2026051105016313,HRL,53,1,44,704.00,"30,976.00"
2026-05-11,1179,2026051105016280,HRL,90,1,10,704.00,"7,040.00"
2026-05-11,1180,2026051105016256,HRL,49,32,1,701.00,701.00
2026-05-11,1181,2026051105016248,HRL,28,13,61,704.80,"42,992.80"
2026-05-11,1182,2026051105016247,HRL,28,43,39,704.80,"27,487.20"
2026-05-11,1183,2026051105016246,HRL,50,48,60,703.00,"42,180.00"
2026-05-11,1184,2026051105016484,HRL,28,26,55,704.00,"38,720.00"
2026-05-11,1185,2026051105016483,HRL,58,26,45,704.40,"31,698.00"
2026-05-11,1186,2026051105016412,HRL,53,21,26,704.90,"18,327.40"
2026-05-11,1187,2026051105016316,HRL,53,6,31,704.80,"21,848.80"
2026-05-11,1188,2026051105016315,HRL,53,13,39,704.80,"27,487.20"
2026-05-11,1189,2026051105016314,HRL,53,32,10,704.00,"7,040.00"
2026-05-11,1190,2026051105016553,HRL,58,49,20,704.80,"14,096.00"
2026-05-11,1191,2026051105016552,HRL,58,87,22,704.80,"15,505.60"
2026-05-11,1192,2026051105016551,HRL,58,44,50,704.80,"35,240.00"
2026-05-11,1193,2026051105016540,HRL,28,58,40,704.00,"28,160.00"
2026-05-11,1194,2026051105016646,HRL,41,22,245,704.00,"172,480.00"
2026-05-11,1195,2026051105016644,HRL,80,58,74,704.80,"52,155.20"
2026-05-11,1196,2026051105016643,HRL,80,32,10,704.80,"7,048.00"
2026-05-11,1197,2026051105016642,HRL,80,58,425,704.80,"299,540.00"
2026-05-11,1198,2026051105016641,HRL,80,58,200,704.70,"140,940.00"
2026-05-11,1199,2026051105016637,HRL,49,58,5,702.50,"3,512.50"
2026-05-11,1200,2026051105016585,IHL,51,59,86,395.00,"33,970.00"
2026-05-11,1201,2026051105016584,IHL,51,52,10,395.00,"3,950.00"
2026-05-11,1202,2026051105016583,IHL,51,6,10,395.00,"3,950.00"
2026-05-11,1203,2026051105016582,IHL,51,35,200,395.00,"79,000.00"
2026-05-11,1204,2026051105016478,IHL,51,49,10,394.00,"3,940.00"
2026-05-11,1205,2026051105016335,IHL,58,32,10,393.30,"3,933.00"
2026-05-11,1206,2026051105016554,ILI,56,58,12,442.00,"5,304.00"
2026-05-11,1207,2026051105016499,ILI,56,17,12,442.00,"5,304.00"
2026-05-11,1208,2026051105016498,ILI,56,28,12,442.00,"5,304.00"
2026-05-11,1209,2026051105016497,ILI,56,58,27,442.00,"11,934.00"
2026-05-11,1210,2026051105016406,ILI,4,28,12,441.10,"5,293.20"
2026-05-11,1211,2026051105016343,ILI,29,22,10,442.00,"4,420.00"
2026-05-11,1212,2026051105016431,KEF,10,57,"10,100",10.68,"107,868.00"
2026-05-11,1213,2026051105016432,MAKAR,39,36,10,491.00,"4,910.00"
2026-05-11,1214,2026051105016274,MANDU,42,42,10,814.00,"8,140.00"
2026-05-11,1215,2026051105016639,MBJC,28,58,10,285.20,"2,852.00"
2026-05-11,1216,2026051105016635,MBJC,28,1,10,285.20,"2,852.00"
2026-05-11,1217,2026051105016547,MBJC,90,57,10,285.10,"2,851.00"
2026-05-11,1218,2026051105016448,MBJC,26,49,62,285.00,"17,670.00"
2026-05-11,1219,2026051105016447,MBJC,65,49,"1,500",285.00,"427,500.00"
2026-05-11,1220,2026051105016446,MBJC,28,49,600,285.10,"171,060.00"
2026-05-11,1221,2026051105016445,MBJC,28,49,28,285.10,"7,982.80"
2026-05-11,1222,2026051105016444,MBJC,42,49,100,285.20,"28,520.00"
2026-05-11,1223,2026051105016443,MBJC,28,49,500,285.20,"142,600.00"
2026-05-11,1224,2026051105016442,MBJC,49,49,10,285.20,"2,852.00"
2026-05-11,1225,2026051105016677,MCHL,58,44,40,323.00,"12,920.00"
2026-05-11,1226,2026051105016663,MCHL,51,44,10,323.00,"3,230.00"
2026-05-11,1227,2026051105016624,MCHL,56,44,200,323.00,"64,600.00"
2026-05-11,1228,2026051105016623,MCHL,14,44,30,323.50,"9,705.00"
2026-05-11,1229,2026051105016229,MEL,42,48,10,240.00,"2,400.00"
2026-05-11,1230,2026051105016562,MEL,42,42,10,240.00,"2,400.00"
2026-05-11,1231,2026051105016533,MEL,42,45,10,240.00,"2,400.00"
2026-05-11,1232,2026051105016649,MKHC,7,58,184,322.90,"59,413.60"
2026-05-11,1233,2026051105016482,MKHC,6,58,20,323.00,"6,460.00"
2026-05-11,1234,2026051105016441,MKHC,7,91,510,322.90,"164,679.00"
2026-05-11,1235,2026051105016440,MKHC,42,91,90,323.00,"29,070.00"
2026-05-11,1236,2026051105016620,MKHL,42,36,80,525.10,"42,008.00"
2026-05-11,1237,2026051105016272,MMF1,21,58,"9,700",9.51,"92,247.00"
2026-05-11,1238,2026051105016430,MMKJL,71,95,10,493.00,"4,930.00"
2026-05-11,1239,2026051105016422,MMKJL,71,41,20,493.00,"9,860.00"
2026-05-11,1240,2026051105016471,MSHL,58,91,10,703.00,"7,030.00"
2026-05-11,1241,2026051105016239,NBF3,4,47,"1,960",9.93,"19,462.80"
2026-05-11,1242,2026051105016238,NBF3,4,47,"5,000",9.93,"49,650.00"
2026-05-11,1243,2026051105016666,NIFRA,94,16,360,267.80,"96,408.00"
2026-05-11,1244,2026051105016665,NIFRA,94,32,20,267.70,"5,354.00"
2026-05-11,1245,2026051105016664,NIFRA,94,4,20,267.70,"5,354.00"
2026-05-11,1246,2026051105016597,NIFRA,74,4,150,267.70,"40,155.00"
2026-05-11,1247,2026051105016596,NIFRA,74,63,50,267.60,"13,380.00"
2026-05-11,1248,2026051105016595,NIFRA,74,18,50,267.50,"13,375.00"
2026-05-11,1249,2026051105016304,NIFRA,38,58,136,267.00,"36,312.00"
2026-05-11,1250,2026051105016262,NIFRA,48,50,10,266.70,"2,667.00"
2026-05-11,1251,2026051105016255,NIFRA,48,57,54,266.70,"14,401.80"
2026-05-11,1252,2026051105016237,NIFRA,48,38,14,266.70,"3,733.80"
2026-05-11,1253,2026051105016310,NIFRA,38,60,54,267.00,"14,418.00"
2026-05-11,1254,2026051105016309,NIFRA,38,28,98,267.00,"26,166.00"
2026-05-11,1255,2026051105016308,NIFRA,38,56,54,267.00,"14,418.00"
2026-05-11,1256,2026051105016307,NIFRA,38,10,64,267.00,"17,088.00"
2026-05-11,1257,2026051105016306,NIFRA,38,48,32,267.00,"8,544.00"
2026-05-11,1258,2026051105016305,NIFRA,38,49,25,267.00,"6,675.00"
2026-05-11,1259,2026051105016339,NIFRA,54,36,54,267.00,"14,418.00"
2026-05-11,1260,2026051105016338,NIFRA,54,59,54,267.00,"14,418.00"
2026-05-11,1261,2026051105016337,NIFRA,54,58,54,267.00,"14,418.00"
2026-05-11,1262,2026051105016336,NIFRA,54,45,113,267.00,"30,171.00"
2026-05-11,1263,2026051105016329,NIFRA,48,22,54,266.70,"14,401.80"
2026-05-11,1264,2026051105016311,NIFRA,38,45,37,267.00,"9,879.00"
2026-05-11,1265,2026051105016588,NIFRA,74,66,335,267.00,"89,445.00"
2026-05-11,1266,2026051105016577,NIFRA,48,66,104,267.00,"27,768.00"
2026-05-11,1267,2026051105016413,NIFRA,48,58,64,266.70,"17,068.80"
2026-05-11,1268,2026051105016342,NIFRA,54,66,61,267.00,"16,287.00"
2026-05-11,1269,2026051105016341,NIFRA,54,34,10,267.00,"2,670.00"
2026-05-11,1270,2026051105016340,NIFRA,54,32,54,267.00,"14,418.00"
2026-05-11,1271,2026051105016594,NIFRA,74,28,54,267.30,"14,434.20"
2026-05-11,1272,2026051105016593,NIFRA,74,45,54,267.20,"14,428.80"
2026-05-11,1273,2026051105016592,NIFRA,74,25,99,267.10,"26,442.90"
2026-05-11,1274,2026051105016591,NIFRA,74,51,54,267.10,"14,423.40"
2026-05-11,1275,2026051105016590,NIFRA,74,49,100,267.10,"26,710.00"
2026-05-11,1276,2026051105016589,NIFRA,74,38,54,267.00,"14,418.00"
2026-05-11,1277,2026051105016717,NRIC,58,58,10,922.00,"9,220.00"
2026-05-11,1278,2026051105016586,NRIC,71,26,15,920.90,"13,813.50"
2026-05-11,1279,2026051105016317,NRM,58,56,50,402.00,"20,100.00"
2026-05-11,1280,2026051105016300,NRM,35,48,310,401.00,"124,310.00"
2026-05-11,1281,2026051105016230,NRM,45,48,90,401.00,"36,090.00"
2026-05-11,1282,2026051105016224,NRM,58,58,10,400.50,"4,005.00"
2026-05-11,1283,2026051105016693,NRN,17,54,10,"1,425.00","14,250.00"
2026-05-11,1284,2026051105016636,NRN,17,48,20,"1,425.00","28,500.00"
2026-05-11,1285,2026051105016240,NRN,46,42,1,"1,425.00","1,425.00"
2026-05-11,1286,2026051105016219,NRN,71,58,13,"1,429.00","18,577.00"
2026-05-11,1287,2026051105016414,NRN,36,58,150,"1,429.00","214,350.00"
2026-05-11,1288,2026051105016334,NRN,46,54,1,"1,425.00","1,425.00"
2026-05-11,1289,2026051105016536,NRN,46,44,1,"1,425.00","1,425.00"
2026-05-11,1290,2026051105016421,NRN,46,41,1,"1,425.00","1,425.00"
2026-05-11,1291,2026051105016572,NRN,47,49,15,"1,425.10","21,376.50"
2026-05-11,1292,2026051105016570,NRN,46,44,1,"1,425.00","1,425.00"
2026-05-11,1293,2026051105016613,NRN,46,40,1,"1,425.00","1,425.00"
2026-05-11,1294,2026051105016609,NRN,32,20,50,"1,425.00","71,250.00"
2026-05-11,1295,2026051105016608,NRN,47,20,41,"1,425.10","58,429.10"
2026-05-11,1296,2026051105016423,NSIF2,6,46,900,10.90,"9,810.00"
2026-05-11,1297,2026051105016610,NTC,59,28,398,888.00,"353,424.00"
2026-05-11,1298,2026051105016270,NTC,59,21,37,888.00,"32,856.00"
2026-05-11,1299,2026051105016269,NTC,42,21,55,888.00,"48,840.00"
2026-05-11,1300,2026051105016268,NTC,49,21,160,888.00,"142,080.00"
2026-05-11,1301,2026051105016267,NTC,25,21,50,888.00,"44,400.00"
2026-05-11,1302,2026051105016266,NTC,87,21,80,888.50,"71,080.00"
2026-05-11,1303,2026051105016265,NTC,49,21,10,889.00,"8,890.00"
2026-05-11,1304,2026051105016619,NYADI,8,42,140,392.00,"54,880.00"
2026-05-11,1305,2026051105016424,NYADI,48,38,10,391.40,"3,914.00"
2026-05-11,1306,2026051105016298,NYADI,29,42,50,392.00,"19,600.00"
2026-05-11,1307,2026051105016279,NYADI,44,42,100,392.00,"39,200.00"
2026-05-11,1308,2026051105016312,PHCL,60,44,190,314.90,"59,831.00"
2026-05-11,1309,2026051105016295,PHCL,60,49,10,314.00,"3,140.00"
2026-05-11,1310,2026051105016236,PHCL,45,57,69,313.00,"21,597.00"
2026-05-11,1311,2026051105016232,PHCL,45,60,200,313.00,"62,600.00"
2026-05-11,1312,2026051105016678,PPL,13,41,30,355.00,"10,650.00"
2026-05-11,1313,2026051105016671,PPL,13,43,25,355.00,"8,875.00"
2026-05-11,1314,2026051105016468,PPL,83,74,100,355.00,"35,500.00"
2026-05-11,1315,2026051105016467,PPL,83,35,70,355.00,"24,850.00"
2026-05-11,1316,2026051105016466,PPL,83,58,45,355.00,"15,975.00"
2026-05-11,1317,2026051105016465,PPL,83,45,100,355.00,"35,500.00"
2026-05-11,1318,2026051105016258,PPL,28,44,280,354.80,"99,344.00"
2026-05-11,1319,2026051105016458,PPL,83,58,10,355.00,"3,550.00"
2026-05-11,1320,2026051105016457,PPL,83,51,15,355.00,"5,325.00"
2026-05-11,1321,2026051105016456,PPL,83,88,10,355.00,"3,550.00"
2026-05-11,1322,2026051105016455,PPL,83,32,92,355.00,"32,660.00"
2026-05-11,1323,2026051105016344,PPL,58,34,10,354.90,"3,549.00"
2026-05-11,1324,2026051105016259,PPL,28,74,400,354.80,"141,920.00"
2026-05-11,1325,2026051105016464,PPL,83,7,15,355.00,"5,325.00"
2026-05-11,1326,2026051105016463,PPL,83,43,10,355.00,"3,550.00"
2026-05-11,1327,2026051105016462,PPL,83,49,10,355.00,"3,550.00"
2026-05-11,1328,2026051105016461,PPL,83,57,10,355.00,"3,550.00"
2026-05-11,1329,2026051105016460,PPL,83,46,15,355.00,"5,325.00"
2026-05-11,1330,2026051105016459,PPL,83,45,15,355.00,"5,325.00"
2026-05-11,1331,2026051105016415,RAWA,10,34,11,608.00,"6,688.00"
2026-05-11,1332,2026051105016672,RHGCL,72,58,10,299.10,"2,991.00"
2026-05-11,1333,2026051105016347,RHGCL,72,66,"2,300",299.10,"687,930.00"
2026-05-11,1334,2026051105016346,RHGCL,34,66,700,300.00,"210,000.00"
2026-05-11,1335,2026051105016615,RNLI,57,58,12,467.00,"5,604.00"
2026-05-11,1336,2026051105016614,RNLI,57,42,14,467.00,"6,538.00"
2026-05-11,1337,2026051105016567,RNLI,66,6,1,453.50,453.50
2026-05-11,1338,2026051105016555,RNLI,41,42,27,467.00,"12,609.00"
2026-05-11,1339,2026051105016318,RNLI,4,36,10,467.50,"4,675.00"
2026-05-11,1340,2026051105016227,RNLI,66,21,1,453.00,453.00
2026-05-11,1341,2026051105016439,RNLI,57,42,36,467.00,"16,812.00"
2026-05-11,1342,2026051105016275,SAGF,49,42,100,10.20,"1,020.00"
2026-05-11,1343,2026051105016715,SAHAS,52,32,200,644.90,"128,980.00"
2026-05-11,1344,2026051105016690,SAHAS,35,32,155,644.90,"99,959.50"
2026-05-11,1345,2026051105016689,SAHAS,78,49,8,644.00,"5,152.00"
2026-05-11,1346,2026051105016688,SAHAS,1,58,20,644.50,"12,890.00"
2026-05-11,1347,2026051105016687,SAHAS,1,66,64,644.50,"41,248.00"
2026-05-11,1348,2026051105016686,SAHAS,3,66,36,644.50,"23,202.00"
2026-05-11,1349,2026051105016252,SAHAS,52,58,138,644.80,"88,982.40"
2026-05-11,1350,2026051105016251,SAHAS,52,17,340,644.80,"219,232.00"
2026-05-11,1351,2026051105016250,SAHAS,52,59,22,644.50,"14,179.00"
2026-05-11,1352,2026051105016231,SAHAS,1,59,78,644.50,"50,271.00"
2026-05-11,1353,2026051105016228,SAHAS,1,49,28,644.50,"18,046.00"
2026-05-11,1354,2026051105016223,SAHAS,8,17,10,644.80,"6,448.00"
2026-05-11,1355,2026051105016569,SAHAS,58,19,100,644.80,"64,480.00"
2026-05-11,1356,2026051105016523,SAHAS,58,84,56,644.80,"36,108.80"
2026-05-11,1357,2026051105016522,SAHAS,58,58,252,644.80,"162,489.60"
2026-05-11,1358,2026051105016500,SAHAS,43,58,310,644.80,"199,888.00"
2026-05-11,1359,2026051105016409,SAHAS,42,58,200,644.80,"128,960.00"
2026-05-11,1360,2026051105016322,SAHAS,34,58,100,644.80,"64,480.00"
2026-05-11,1361,2026051105016685,SAHAS,32,32,100,644.90,"64,490.00"
2026-05-11,1362,2026051105016683,SAHAS,10,32,664,644.90,"428,213.60"
2026-05-11,1363,2026051105016682,SAHAS,10,45,11,644.80,"7,092.80"
2026-05-11,1364,2026051105016681,SAHAS,10,49,825,644.80,"531,960.00"
2026-05-11,1365,2026051105016662,SAHAS,38,49,120,644.80,"77,376.00"
2026-05-11,1366,2026051105016571,SAHAS,58,49,92,644.80,"59,321.60"
2026-05-11,1367,2026051105016710,SANVI,25,19,210,706.00,"148,260.00"
2026-05-11,1368,2026051105016709,SANVI,42,19,50,706.00,"35,300.00"
2026-05-11,1369,2026051105016708,SANVI,39,19,350,706.00,"247,100.00"
2026-05-11,1370,2026051105016707,SANVI,45,19,400,706.00,"282,400.00"
2026-05-11,1371,2026051105016579,SFMF,58,47,"4,300",10.40,"44,720.00"
2026-05-11,1372,2026051105016469,SFMF,46,47,"1,100",10.50,"11,550.00"
2026-05-11,1373,2026051105016676,SGHC,48,38,54,371.00,"20,034.00"
2026-05-11,1374,2026051105016675,SGHC,48,49,10,371.00,"3,710.00"
2026-05-11,1375,2026051105016674,SGHC,48,58,10,371.00,"3,710.00"
2026-05-11,1376,2026051105016673,SGHC,48,42,90,371.00,"33,390.00"
2026-05-11,1377,2026051105016518,SGHC,21,58,10,370.00,"3,700.00"
2026-05-11,1378,2026051105016449,SGHC,21,65,10,370.00,"3,700.00"
2026-05-11,1379,2026051105016684,SHIVM,19,67,100,690.00,"69,000.00"
2026-05-11,1380,2026051105016580,SHIVM,29,57,10,691.00,"6,910.00"
2026-05-11,1381,2026051105016550,SHIVM,36,4,100,688.50,"68,850.00"
2026-05-11,1382,2026051105016516,SHIVM,56,38,44,690.00,"30,360.00"
2026-05-11,1383,2026051105016515,SHIVM,56,48,20,690.00,"13,800.00"
2026-05-11,1384,2026051105016514,SHIVM,56,52,100,690.00,"69,000.00"
2026-05-11,1385,2026051105016263,SHIVM,77,7,111,688.60,"76,434.60"
2026-05-11,1386,2026051105016257,SHIVM,11,45,"1,400",689.50,"965,300.00"
2026-05-11,1387,2026051105016254,SHIVM,66,45,400,689.50,"275,800.00"
2026-05-11,1388,2026051105016244,SHIVM,77,34,290,688.60,"199,694.00"
2026-05-11,1389,2026051105016226,SHIVM,77,92,99,688.60,"68,171.40"
2026-05-11,1390,2026051105016225,SHIVM,16,92,152,689.00,"104,728.00"
2026-05-11,1391,2026051105016353,SHIVM,56,49,250,689.50,"172,375.00"
2026-05-11,1392,2026051105016352,SHIVM,56,45,250,689.50,"172,375.00"
2026-05-11,1393,2026051105016351,SHIVM,56,38,21,689.00,"14,469.00"
2026-05-11,1394,2026051105016350,SHIVM,56,49,450,689.00,"310,050.00"
2026-05-11,1395,2026051105016349,SHIVM,56,7,189,688.60,"130,145.40"
2026-05-11,1396,2026051105016333,SHIVM,59,7,200,688.60,"137,720.00"
2026-05-11,1397,2026051105016359,SHIVM,56,41,108,689.90,"74,509.20"
2026-05-11,1398,2026051105016358,SHIVM,56,67,500,689.90,"344,950.00"
2026-05-11,1399,2026051105016357,SHIVM,56,42,100,689.90,"68,990.00"
2026-05-11,1400,2026051105016356,SHIVM,56,57,10,689.90,"6,899.00"
2026-05-11,1401,2026051105016355,SHIVM,56,42,100,689.90,"68,990.00"
2026-05-11,1402,2026051105016354,SHIVM,56,51,500,689.80,"344,900.00"
2026-05-11,1403,2026051105016365,SHIVM,56,3,200,690.00,"138,000.00"
2026-05-11,1404,2026051105016364,SHIVM,56,4,500,690.00,"345,000.00"
2026-05-11,1405,2026051105016363,SHIVM,56,34,20,690.00,"13,800.00"
2026-05-11,1406,2026051105016362,SHIVM,56,17,500,690.00,"345,000.00"
2026-05-11,1407,2026051105016361,SHIVM,56,17,500,689.90,"344,950.00"
2026-05-11,1408,2026051105016360,SHIVM,56,67,"1,041",689.90,"718,185.90"
2026-05-11,1409,2026051105016371,SHIVM,56,59,25,690.00,"17,250.00"
2026-05-11,1410,2026051105016370,SHIVM,56,22,40,690.00,"27,600.00"
2026-05-11,1411,2026051105016369,SHIVM,56,14,"1,006",690.00,"694,140.00"
2026-05-11,1412,2026051105016368,SHIVM,56,4,50,690.00,"34,500.00"
2026-05-11,1413,2026051105016367,SHIVM,56,48,100,690.00,"69,000.00"
2026-05-11,1414,2026051105016366,SHIVM,56,25,50,690.00,"34,500.00"
2026-05-11,1415,2026051105016377,SHIVM,56,58,111,690.00,"76,590.00"
2026-05-11,1416,2026051105016376,SHIVM,56,45,12,690.00,"8,280.00"
2026-05-11,1417,2026051105016375,SHIVM,56,35,50,690.00,"34,500.00"
2026-05-11,1418,2026051105016374,SHIVM,56,42,335,690.00,"231,150.00"
2026-05-11,1419,2026051105016373,SHIVM,56,42,10,690.00,"6,900.00"
2026-05-11,1420,2026051105016372,SHIVM,56,57,350,690.00,"241,500.00"
2026-05-11,1421,2026051105016383,SHIVM,56,49,11,690.00,"7,590.00"
2026-05-11,1422,2026051105016382,SHIVM,56,22,30,690.00,"20,700.00"
2026-05-11,1423,2026051105016381,SHIVM,56,35,50,690.00,"34,500.00"
2026-05-11,1424,2026051105016380,SHIVM,56,58,16,690.00,"11,040.00"
2026-05-11,1425,2026051105016379,SHIVM,56,58,222,690.00,"153,180.00"
2026-05-11,1426,2026051105016378,SHIVM,56,14,41,690.00,"28,290.00"
2026-05-11,1427,2026051105016389,SHIVM,56,90,100,690.00,"69,000.00"
2026-05-11,1428,2026051105016388,SHIVM,56,1,30,690.00,"20,700.00"
2026-05-11,1429,2026051105016387,SHIVM,56,74,500,690.00,"345,000.00"
2026-05-11,1430,2026051105016386,SHIVM,56,43,"1,000",690.00,"690,000.00"
2026-05-11,1431,2026051105016385,SHIVM,56,67,20,690.00,"13,800.00"
2026-05-11,1432,2026051105016384,SHIVM,56,5,50,690.00,"34,500.00"
2026-05-11,1433,2026051105016395,SHIVM,56,5,500,690.00,"345,000.00"
2026-05-11,1434,2026051105016394,SHIVM,56,40,"1,500",690.00,"1,035,000.00"
2026-05-11,1435,2026051105016393,SHIVM,56,26,30,690.00,"20,700.00"
2026-05-11,1436,2026051105016392,SHIVM,56,57,605,690.00,"417,450.00"
2026-05-11,1437,2026051105016391,SHIVM,56,26,100,690.00,"69,000.00"
2026-05-11,1438,2026051105016390,SHIVM,56,89,451,690.00,"311,190.00"
2026-05-11,1439,2026051105016401,SHIVM,56,57,43,690.00,"29,670.00"
2026-05-11,1440,2026051105016400,SHIVM,56,45,500,690.00,"345,000.00"
2026-05-11,1441,2026051105016399,SHIVM,56,42,640,690.00,"441,600.00"
2026-05-11,1442,2026051105016398,SHIVM,56,29,10,690.00,"6,900.00"
2026-05-11,1443,2026051105016397,SHIVM,56,17,100,690.00,"69,000.00"
2026-05-11,1444,2026051105016396,SHIVM,56,22,50,690.00,"34,500.00"
2026-05-11,1445,2026051105016507,SHIVM,56,101,500,689.50,"344,750.00"
2026-05-11,1446,2026051105016506,SHIVM,56,3,80,688.50,"55,080.00"
2026-05-11,1447,2026051105016408,SHIVM,38,3,20,688.50,"13,770.00"
2026-05-11,1448,2026051105016404,SHIVM,52,19,48,688.50,"33,048.00"
2026-05-11,1449,2026051105016403,SHIVM,56,75,923,690.00,"636,870.00"
2026-05-11,1450,2026051105016402,SHIVM,56,42,100,690.00,"69,000.00"
2026-05-11,1451,2026051105016513,SHIVM,56,16,100,690.00,"69,000.00"
2026-05-11,1452,2026051105016512,SHIVM,56,41,250,690.00,"172,500.00"
2026-05-11,1453,2026051105016511,SHIVM,56,63,40,690.00,"27,600.00"
2026-05-11,1454,2026051105016510,SHIVM,56,43,"1,000",690.00,"690,000.00"
2026-05-11,1455,2026051105016509,SHIVM,56,38,200,690.00,"138,000.00"
2026-05-11,1456,2026051105016508,SHIVM,56,75,77,690.00,"53,130.00"
2026-05-11,1457,2026051105016549,SIKLES,78,58,1,594.00,594.00
2026-05-11,1458,2026051105016479,SIKLES,78,62,1,593.60,593.60
2026-05-11,1459,2026051105016303,SIKLES,78,6,1,590.00,590.00
2026-05-11,1460,2026051105016278,SIKLES,78,42,7,591.00,"4,137.00"
2026-05-11,1461,2026051105016605,SMH,19,42,20,582.00,"11,640.00"
2026-05-11,1462,2026051105016645,SMHL,42,42,100,511.00,"51,100.00"
2026-05-11,1463,2026051105016601,SMHL,42,48,55,511.00,"28,105.00"
2026-05-11,1464,2026051105016561,SMHL,34,58,80,510.10,"40,808.00"
2026-05-11,1465,2026051105016529,SMHL,34,26,50,510.10,"25,505.00"
2026-05-11,1466,2026051105016711,SONA,57,45,490,443.90,"217,511.00"
2026-05-11,1467,2026051105016638,SONA,57,49,10,443.00,"4,430.00"
2026-05-11,1468,2026051105016504,SONA,57,58,10,444.00,"4,440.00"
2026-05-11,1469,2026051105016503,SONA,57,58,10,442.00,"4,420.00"
2026-05-11,1470,2026051105016496,SONA,56,45,10,441.00,"4,410.00"
2026-05-11,1471,2026051105016326,SONA,29,43,10,439.60,"4,396.00"
2026-05-11,1472,2026051105016233,SONA,58,58,10,439.60,"4,396.00"
2026-05-11,1473,2026051105016600,SPC,68,44,200,469.90,"93,980.00"
2026-05-11,1474,2026051105016557,SPC,68,43,50,469.80,"23,490.00"
2026-05-11,1475,2026051105016260,SPC,45,48,40,469.00,"18,760.00"
2026-05-11,1476,2026051105016714,TAMOR,33,19,10,440.20,"4,402.00"
2026-05-11,1477,2026051105016617,TAMOR,33,34,10,440.20,"4,402.00"
2026-05-11,1478,2026051105016560,TAMOR,33,52,178,440.20,"78,355.60"
2026-05-11,1479,2026051105016531,TAMOR,58,14,10,440.20,"4,402.00"
2026-05-11,1480,2026051105016411,TAMOR,34,49,60,441.80,"26,508.00"
2026-05-11,1481,2026051105016328,TAMOR,34,49,100,441.90,"44,190.00"
2026-05-11,1482,2026051105016264,TAMOR,34,49,50,441.90,"22,095.00"
2026-05-11,1483,2026051105016243,TAMOR,34,49,90,441.90,"39,771.00"
2026-05-11,1484,2026051105016668,TPC,41,42,520,374.00,"194,480.00"
2026-05-11,1485,2026051105016667,TPC,41,49,708,373.90,"264,721.20"
2026-05-11,1486,2026051105016576,TPC,57,57,500,373.00,"186,500.00"
2026-05-11,1487,2026051105016556,TPC,44,57,"1,000",373.50,"373,500.00"
2026-05-11,1488,2026051105016407,TPC,91,49,670,373.90,"250,513.00"
2026-05-11,1489,2026051105016598,TSHL,42,58,50,611.00,"30,550.00"
2026-05-11,1490,2026051105016568,TSHL,41,58,40,611.00,"24,440.00"
2026-05-11,1491,2026051105016428,TVCL,22,59,30,536.00,"16,080.00"
2026-05-11,1492,2026051105016544,ULHC,39,39,10,514.00,"5,140.00"
2026-05-11,1493,2026051105016495,ULHC,39,34,10,514.00,"5,140.00"
2026-05-11,1494,2026051105016474,ULHC,39,56,10,511.00,"5,110.00"
2026-05-11,1495,2026051105016473,ULHC,39,1,10,511.00,"5,110.00"
2026-05-11,1496,2026051105016472,ULHC,39,58,10,511.00,"5,110.00"
2026-05-11,1497,2026051105016331,ULHC,42,52,30,510.10,"15,303.00"
2026-05-11,1498,2026051105016276,USHEC,6,42,10,500.00,"5,000.00"
2026-05-11,1499,2026051105016271,USHEC,6,52,10,500.00,"5,000.00"
2026-05-11,1500,2026051105016575,VLUCL,71,6,10,491.40,"4,914.00"
2026-05-11,1501,2026051105016106,AHL,44,75,1,500.00,500.00
2026-05-11,1502,2026051105016104,AHL,56,58,10,513.00,"5,130.00"
2026-05-11,1503,2026051105016100,AHL,56,56,"1,000",515.00,"515,000.00"
2026-05-11,1504,2026051105015880,AHL,89,56,70,515.00,"36,050.00"
2026-05-11,1505,2026051105016090,BEDC,38,52,690,380.00,"262,200.00"
2026-05-11,1506,2026051105016073,BEDC,52,52,"2,000",380.00,"760,000.00"
2026-05-11,1507,2026051105015753,BEDC,52,51,10,380.00,"3,800.00"
2026-05-11,1508,2026051105015752,BEDC,52,58,100,380.00,"38,000.00"
2026-05-11,1509,2026051105015751,BEDC,52,58,389,380.00,"147,820.00"
2026-05-11,1510,2026051105015750,BEDC,52,21,200,380.00,"76,000.00"
2026-05-11,1511,2026051105015746,BEDC,43,21,132,380.00,"50,160.00"
2026-05-11,1512,2026051105015759,BEDC,52,39,50,380.00,"19,000.00"
2026-05-11,1513,2026051105015758,BEDC,52,58,100,380.00,"38,000.00"
2026-05-11,1514,2026051105015757,BEDC,52,57,40,380.00,"15,200.00"
2026-05-11,1515,2026051105015756,BEDC,52,57,40,380.00,"15,200.00"
2026-05-11,1516,2026051105015755,BEDC,52,58,20,380.00,"7,600.00"
2026-05-11,1517,2026051105015754,BEDC,52,58,39,380.00,"14,820.00"
2026-05-11,1518,2026051105015948,BEDC,13,63,100,380.00,"38,000.00"
