date,sn,contract_no,stock_symbol,buyer,seller,quantity,rate,amount
2026-05-15,1,2026051505010908,AHL,56,64,215,508.60,"109,349.00"
2026-05-15,2,2026051505010972,BEDC,39,25,70,361.50,"25,305.00"
2026-05-15,3,2026051505010916,BEDC,6,34,50,362.00,"18,100.00"
2026-05-15,4,2026051505010744,BEDC,53,34,500,362.00,"181,000.00"
2026-05-15,5,2026051505010707,BEDC,42,39,210,361.10,"75,831.00"
2026-05-15,6,2026051505010706,BEDC,22,39,10,361.50,"3,615.00"
2026-05-15,7,2026051505011048,BGWT,47,57,30,689.90,"20,697.00"
2026-05-15,8,2026051505011047,BGWT,47,46,65,685.90,"44,583.50"
2026-05-15,9,2026051505011046,BGWT,47,82,300,685.00,"205,500.00"
2026-05-15,10,2026051505010893,BGWT,47,58,55,680.00,"37,400.00"
2026-05-15,11,2026051505011072,BHL,7,53,25,221.60,"5,540.00"
2026-05-15,12,2026051505010969,BHL,29,50,100,221.50,"22,150.00"
2026-05-15,13,2026051505010884,BHL,29,4,202,221.50,"44,743.00"
2026-05-15,14,2026051505010883,BHL,38,4,68,221.50,"15,062.00"
2026-05-15,15,2026051505010843,BHL,45,6,105,222.00,"23,310.00"
2026-05-15,16,2026051505010842,BHL,45,42,60,222.00,"13,320.00"
2026-05-15,17,2026051505010689,BHL,34,36,15,221.60,"3,324.00"
2026-05-15,18,2026051505010675,BHL,34,58,10,221.60,"2,216.00"
2026-05-15,19,2026051505010629,BHL,50,39,265,222.00,"58,830.00"
2026-05-15,20,2026051505010628,BHL,50,37,535,222.00,"118,770.00"
2026-05-15,21,2026051505010588,BHL,58,37,851,222.00,"188,922.00"
2026-05-15,22,2026051505010587,BHL,58,49,194,221.90,"43,048.60"
2026-05-15,23,2026051505010841,BHL,45,58,561,222.00,"124,542.00"
2026-05-15,24,2026051505010840,BHL,45,41,150,222.00,"33,300.00"
2026-05-15,25,2026051505010839,BHL,45,19,300,222.00,"66,600.00"
2026-05-15,26,2026051505010838,BHL,45,39,735,222.00,"163,170.00"
2026-05-15,27,2026051505010837,BHL,45,39,89,221.60,"19,722.40"
2026-05-15,28,2026051505010731,BHL,34,39,475,221.60,"105,260.00"
2026-05-15,29,2026051505010752,BNHC,34,45,174,325.10,"56,567.40"
2026-05-15,30,2026051505010644,BNHC,34,45,40,325.10,"13,004.00"
2026-05-15,31,2026051505011070,CHDC,77,45,50,"2,259.20","112,960.00"
2026-05-15,32,2026051505011023,CHDC,49,45,10,"2,269.90","22,699.00"
2026-05-15,33,2026051505011018,CHDC,11,45,10,"2,269.90","22,699.00"
2026-05-15,34,2026051505010885,CHDC,77,5,10,"2,259.20","22,592.00"
2026-05-15,35,2026051505010758,CHDC,63,45,100,"2,260.00","226,000.00"
2026-05-15,36,2026051505010757,CHDC,46,45,41,"2,260.00","92,660.00"
2026-05-15,37,2026051505010756,CHDC,49,45,30,"2,260.00","67,800.00"
2026-05-15,38,2026051505010755,CHDC,5,45,50,"2,260.10","113,005.00"
2026-05-15,39,2026051505010754,CHDC,6,45,38,"2,260.10","85,883.80"
2026-05-15,40,2026051505010753,CHDC,57,45,30,"2,260.20","67,806.00"
2026-05-15,41,2026051505010594,CHDC,47,45,100,"2,260.20","226,020.00"
2026-05-15,42,2026051505010720,CIT,19,13,13,"1,763.00","22,919.00"
2026-05-15,43,2026051505010719,CIT,57,13,50,"1,763.00","88,150.00"
2026-05-15,44,2026051505010718,CIT,16,13,13,"1,763.00","22,919.00"
2026-05-15,45,2026051505010717,CIT,51,13,14,"1,763.10","24,683.40"
2026-05-15,46,2026051505010716,CIT,54,13,10,"1,763.20","17,632.00"
2026-05-15,47,2026051505010622,CIT,7,35,12,"1,764.00","21,168.00"
2026-05-15,48,2026051505010985,CLI,45,46,19,455.00,"8,645.00"
2026-05-15,49,2026051505010814,DOLTI,44,57,113,346.00,"39,098.00"
2026-05-15,50,2026051505010813,DOLTI,45,57,190,346.00,"65,740.00"
2026-05-15,51,2026051505010659,DOLTI,34,49,99,346.90,"34,343.10"
2026-05-15,52,2026051505010745,DORDI,34,45,50,271.50,"13,575.00"
2026-05-15,53,2026051505010607,DORDI,74,17,147,270.50,"39,763.50"
2026-05-15,54,2026051505010606,DORDI,48,17,31,270.50,"8,385.50"
2026-05-15,55,2026051505010605,DORDI,22,17,77,270.60,"20,836.20"
2026-05-15,56,2026051505010604,DORDI,58,17,20,270.60,"5,412.00"
2026-05-15,57,2026051505010986,EHPL,51,45,20,379.00,"7,580.00"
2026-05-15,58,2026051505010806,EHPL,33,45,20,379.00,"7,580.00"
2026-05-15,59,2026051505010795,EHPL,33,6,50,379.00,"18,950.00"
2026-05-15,60,2026051505010687,EHPL,33,58,30,379.00,"11,370.00"
2026-05-15,61,2026051505010686,EHPL,57,58,90,379.00,"34,110.00"
2026-05-15,62,2026051505010653,EHPL,45,35,40,380.00,"15,200.00"
2026-05-15,63,2026051505010652,EHPL,45,45,520,380.00,"197,600.00"
2026-05-15,64,2026051505010651,EHPL,45,6,440,380.00,"167,200.00"
2026-05-15,65,2026051505011008,GCIL,32,26,100,417.00,"41,700.00"
2026-05-15,66,2026051505011007,GCIL,32,32,30,417.00,"12,510.00"
2026-05-15,67,2026051505011006,GCIL,32,58,12,416.00,"4,992.00"
2026-05-15,68,2026051505011005,GCIL,32,58,170,416.00,"70,720.00"
2026-05-15,69,2026051505010625,GCIL,38,58,10,416.00,"4,160.00"
2026-05-15,70,2026051505010578,GCIL,38,49,12,413.70,"4,964.40"
2026-05-15,71,2026051505010770,GCIL,49,6,40,414.00,"16,560.00"
2026-05-15,72,2026051505010728,GCIL,25,58,20,414.10,"8,282.00"
2026-05-15,73,2026051505011004,GCIL,32,38,688,414.00,"284,832.00"
2026-05-15,74,2026051505010887,GCIL,49,38,100,414.00,"41,400.00"
2026-05-15,75,2026051505010886,GCIL,49,38,160,414.00,"66,240.00"
2026-05-15,76,2026051505010872,GVL,39,29,500,486.30,"243,150.00"
2026-05-15,77,2026051505010791,GVL,38,74,10,487.50,"4,875.00"
2026-05-15,78,2026051505010576,GVL,39,90,31,486.30,"15,075.30"
2026-05-15,79,2026051505010575,GVL,22,90,50,486.40,"24,320.00"
2026-05-15,80,2026051505010574,GVL,58,90,50,486.60,"24,330.00"
2026-05-15,81,2026051505010573,GVL,34,90,100,486.70,"48,670.00"
2026-05-15,82,2026051505010696,HATHY,57,59,117,790.20,"92,453.40"
2026-05-15,83,2026051505010695,HATHY,44,59,52,790.20,"41,090.40"
2026-05-15,84,2026051505010694,HATHY,32,59,22,790.30,"17,386.60"
2026-05-15,85,2026051505010693,HATHY,53,59,30,791.00,"23,730.00"
2026-05-15,86,2026051505010692,HATHY,57,59,50,791.00,"39,550.00"
2026-05-15,87,2026051505010691,HATHY,35,59,10,792.00,"7,920.00"
2026-05-15,88,2026051505010690,HATHY,36,59,20,792.00,"15,840.00"
2026-05-15,89,2026051505010635,HDL,48,90,65,"1,157.10","75,211.50"
2026-05-15,90,2026051505010634,HDL,51,90,20,"1,158.00","23,160.00"
2026-05-15,91,2026051505010633,HDL,47,90,115,"1,158.00","133,170.00"
2026-05-15,92,2026051505010792,HDL,33,21,15,"1,158.00","17,370.00"
2026-05-15,93,2026051505010678,HDL,33,51,33,"1,158.00","38,214.00"
2026-05-15,94,2026051505010669,HDL,33,22,30,"1,158.00","34,740.00"
2026-05-15,95,2026051505010654,HDL,33,10,200,"1,158.00","231,600.00"
2026-05-15,96,2026051505010882,HDL,33,49,22,"1,158.00","25,476.00"
2026-05-15,97,2026051505010852,HDL,33,25,200,"1,158.00","231,600.00"
2026-05-15,98,2026051505011067,HHL,84,34,10,368.00,"3,680.00"
2026-05-15,99,2026051505011045,HHL,44,34,10,368.00,"3,680.00"
2026-05-15,100,2026051505011002,HHL,58,89,446,367.00,"163,682.00"
2026-05-15,101,2026051505010680,HHL,22,34,20,368.00,"7,360.00"
2026-05-15,102,2026051505011001,HHL,54,89,54,367.10,"19,823.40"
2026-05-15,103,2026051505010997,HHL,54,34,86,367.10,"31,570.60"
2026-05-15,104,2026051505010996,HHL,58,34,100,367.10,"36,710.00"
2026-05-15,105,2026051505010894,HHL,58,10,100,367.00,"36,700.00"
2026-05-15,106,2026051505010845,HHL,58,34,20,368.00,"7,360.00"
2026-05-15,107,2026051505011049,HIDCL,13,45,100,267.00,"26,700.00"
2026-05-15,108,2026051505011037,HIDCL,21,87,219,268.00,"58,692.00"
2026-05-15,109,2026051505011036,HIDCL,21,48,10,267.80,"2,678.00"
2026-05-15,110,2026051505011035,HIDCL,21,48,190,267.80,"50,882.00"
2026-05-15,111,2026051505011034,HIDCL,21,34,21,267.60,"5,619.60"
2026-05-15,112,2026051505011012,HIDCL,62,34,10,267.60,"2,676.00"
2026-05-15,113,2026051505010585,HIDCL,6,14,500,267.00,"133,500.00"
2026-05-15,114,2026051505010581,HIDCL,61,34,59,267.60,"15,788.40"
2026-05-15,115,2026051505010580,HIDCL,61,80,659,267.60,"176,348.40"
2026-05-15,116,2026051505010579,HIDCL,61,62,82,267.00,"21,894.00"
2026-05-15,117,2026051505010796,HIDCL,21,22,100,267.00,"26,700.00"
2026-05-15,118,2026051505010663,HIDCL,58,34,10,267.60,"2,676.00"
2026-05-15,119,2026051505010656,HIDCL,21,16,"1,000",267.00,"267,000.00"
2026-05-15,120,2026051505010642,HIDCL,21,39,300,267.00,"80,100.00"
2026-05-15,121,2026051505010636,HIDCL,21,49,180,267.00,"48,060.00"
2026-05-15,122,2026051505010586,HIDCL,6,49,470,267.00,"125,490.00"
2026-05-15,123,2026051505011063,HRL,63,98,19,631.00,"11,989.00"
2026-05-15,124,2026051505011062,HRL,16,98,20,631.00,"12,620.00"
2026-05-15,125,2026051505011061,HRL,58,98,101,631.00,"63,731.00"
2026-05-15,126,2026051505011060,HRL,40,98,40,631.90,"25,276.00"
2026-05-15,127,2026051505011059,HRL,45,98,20,631.90,"12,638.00"
2026-05-15,128,2026051505011028,HRL,60,34,10,632.00,"6,320.00"
2026-05-15,129,2026051505010681,HRL,6,52,10,631.00,"6,310.00"
2026-05-15,130,2026051505010677,HRL,6,58,38,631.00,"23,978.00"
2026-05-15,131,2026051505010676,HRL,38,58,40,631.00,"25,240.00"
2026-05-15,132,2026051505010658,HRL,38,39,20,631.00,"12,620.00"
2026-05-15,133,2026051505010850,HRL,14,56,10,632.00,"6,320.00"
2026-05-15,134,2026051505010825,HRL,45,56,20,632.00,"12,640.00"
2026-05-15,135,2026051505010763,HRL,42,57,10,631.90,"6,319.00"
2026-05-15,136,2026051505010914,HRL,22,58,100,631.10,"63,110.00"
2026-05-15,137,2026051505010879,HRL,51,52,20,631.90,"12,638.00"
2026-05-15,138,2026051505010878,HRL,42,52,100,631.90,"63,190.00"
2026-05-15,139,2026051505010867,HRL,42,52,40,631.90,"25,276.00"
2026-05-15,140,2026051505010964,HRL,42,52,60,631.90,"37,914.00"
2026-05-15,141,2026051505010929,HRL,58,44,48,631.00,"30,288.00"
2026-05-15,142,2026051505010928,HRL,6,44,52,631.00,"32,812.00"
2026-05-15,143,2026051505010925,HRL,17,52,80,631.90,"50,552.00"
2026-05-15,144,2026051505010980,HRL,64,35,21,632.00,"13,272.00"
2026-05-15,145,2026051505010979,HRL,64,32,300,632.00,"189,600.00"
2026-05-15,146,2026051505010978,HRL,64,56,52,632.00,"32,864.00"
2026-05-15,147,2026051505010966,HRL,42,56,68,632.00,"42,976.00"
2026-05-15,148,2026051505010965,HRL,42,34,30,631.90,"18,957.00"
2026-05-15,149,2026051505011000,HRL,16,34,56,632.00,"35,392.00"
2026-05-15,150,2026051505010999,HRL,16,52,60,632.00,"37,920.00"
2026-05-15,151,2026051505010998,HRL,16,35,384,632.00,"242,688.00"
2026-05-15,152,2026051505010982,HRL,64,35,616,632.00,"389,312.00"
2026-05-15,153,2026051505010981,HRL,64,72,11,632.00,"6,952.00"
2026-05-15,154,2026051505011030,IHL,42,44,10,404.00,"4,040.00"
2026-05-15,155,2026051505011027,IHL,50,67,20,403.90,"8,078.00"
2026-05-15,156,2026051505010994,IHL,86,67,180,403.90,"72,702.00"
2026-05-15,157,2026051505010993,IHL,86,45,250,403.90,"100,975.00"
2026-05-15,158,2026051505010992,IHL,86,74,10,403.90,"4,039.00"
2026-05-15,159,2026051505010589,IHL,58,49,200,402.00,"80,400.00"
2026-05-15,160,2026051505010640,IHL,1,56,400,402.00,"160,800.00"
2026-05-15,161,2026051505010639,IHL,32,56,500,402.00,"201,000.00"
2026-05-15,162,2026051505010638,IHL,57,56,100,402.10,"40,210.00"
2026-05-15,163,2026051505010599,IHL,25,58,50,402.90,"20,145.00"
2026-05-15,164,2026051505010591,IHL,48,49,200,402.00,"80,400.00"
2026-05-15,165,2026051505010590,IHL,58,49,200,402.00,"80,400.00"
2026-05-15,166,2026051505010855,IHL,56,58,289,403.00,"116,467.00"
2026-05-15,167,2026051505010749,IHL,56,49,10,403.00,"4,030.00"
2026-05-15,168,2026051505010748,IHL,56,45,10,403.00,"4,030.00"
2026-05-15,169,2026051505010747,IHL,56,59,50,402.90,"20,145.00"
2026-05-15,170,2026051505010746,IHL,56,58,21,402.90,"8,460.90"
2026-05-15,171,2026051505010991,IHL,86,58,50,403.90,"20,195.00"
2026-05-15,172,2026051505010990,IHL,86,54,10,403.90,"4,039.00"
2026-05-15,173,2026051505010932,IHL,47,26,30,403.50,"12,105.00"
2026-05-15,174,2026051505010927,IHL,1,38,20,403.00,"8,060.00"
2026-05-15,175,2026051505010866,IHL,1,58,111,403.00,"44,733.00"
2026-05-15,176,2026051505010856,IHL,45,58,100,403.00,"40,300.00"
2026-05-15,177,2026051505010595,ILI,41,34,2,431.00,862.00
2026-05-15,178,2026051505010787,KBSH,5,22,10,"1,539.00","15,390.00"
2026-05-15,179,2026051505010790,KDBY,42,10,100,11.40,"1,140.00"
2026-05-15,180,2026051505010859,MAKAR,42,26,190,496.50,"94,335.00"
2026-05-15,181,2026051505010858,MAKAR,42,51,10,496.50,"4,965.00"
2026-05-15,182,2026051505010857,MAKAR,42,49,26,496.50,"12,909.00"
2026-05-15,183,2026051505011021,MANDU,16,49,10,815.00,"8,150.00"
2026-05-15,184,2026051505010913,MBJC,48,41,10,281.20,"2,812.00"
2026-05-15,185,2026051505010827,MBJC,32,49,10,284.00,"2,840.00"
2026-05-15,186,2026051505010781,MBJC,48,26,675,281.20,"189,810.00"
2026-05-15,187,2026051505010780,MBJC,32,26,500,281.30,"140,650.00"
2026-05-15,188,2026051505010779,MBJC,40,26,480,281.30,"135,024.00"
2026-05-15,189,2026051505010778,MBJC,34,26,270,281.40,"75,978.00"
2026-05-15,190,2026051505010777,MBJC,38,26,75,282.00,"21,150.00"
2026-05-15,191,2026051505010759,MBJC,32,49,10,284.00,"2,840.00"
2026-05-15,192,2026051505010647,MBJC,38,38,10,282.00,"2,820.00"
2026-05-15,193,2026051505010614,MBJC,32,49,10,284.00,"2,840.00"
2026-05-15,194,2026051505011029,MCHL,57,42,20,312.00,"6,240.00"
2026-05-15,195,2026051505010973,MCHL,21,39,10,309.00,"3,090.00"
2026-05-15,196,2026051505010938,MCHL,21,38,100,309.00,"30,900.00"
2026-05-15,197,2026051505010849,MCHL,11,38,27,309.00,"8,343.00"
2026-05-15,198,2026051505010848,MCHL,14,38,50,309.10,"15,455.00"
2026-05-15,199,2026051505010847,MCHL,16,38,100,309.10,"30,910.00"
2026-05-15,200,2026051505010846,MCHL,1,38,23,309.20,"7,111.60"
2026-05-15,201,2026051505010808,MCHL,1,45,100,309.20,"30,920.00"
2026-05-15,202,2026051505010593,MCHL,1,45,77,309.20,"23,808.40"
2026-05-15,203,2026051505010592,MCHL,36,45,123,309.20,"38,031.60"
2026-05-15,204,2026051505010892,MEHL,16,57,80,368.30,"29,464.00"
2026-05-15,205,2026051505010891,MEHL,74,57,100,368.30,"36,830.00"
2026-05-15,206,2026051505010890,MEHL,17,57,20,370.00,"7,400.00"
2026-05-15,207,2026051505010709,MEL,52,32,10,238.00,"2,380.00"
2026-05-15,208,2026051505010583,MEL,74,32,50,238.00,"11,900.00"
2026-05-15,209,2026051505010732,MEL,65,41,100,237.00,"23,700.00"
2026-05-15,210,2026051505010725,MEL,19,49,488,238.00,"116,144.00"
2026-05-15,211,2026051505010724,MEL,19,35,500,238.00,"119,000.00"
2026-05-15,212,2026051505010723,MEL,19,35,500,238.00,"119,000.00"
2026-05-15,213,2026051505010722,MEL,19,11,100,238.00,"23,800.00"
2026-05-15,214,2026051505010721,MEL,19,32,62,238.00,"14,756.00"
2026-05-15,215,2026051505010797,MEL,58,49,10,238.00,"2,380.00"
2026-05-15,216,2026051505010734,MEL,50,41,80,237.00,"18,960.00"
2026-05-15,217,2026051505010733,MEL,8,41,20,237.00,"4,740.00"
2026-05-15,218,2026051505010868,MEL,49,49,17,238.00,"4,046.00"
2026-05-15,219,2026051505010865,MEL,70,49,50,238.00,"11,900.00"
2026-05-15,220,2026051505010950,MEL,42,29,70,237.00,"16,590.00"
2026-05-15,221,2026051505010949,MEL,50,29,420,237.00,"99,540.00"
2026-05-15,222,2026051505010967,MEL,42,47,10,237.00,"2,370.00"
2026-05-15,223,2026051505010995,MEL,19,49,50,238.00,"11,900.00"
2026-05-15,224,2026051505010685,MHCL,45,39,200,348.40,"69,680.00"
2026-05-15,225,2026051505010632,MHCL,45,58,84,348.40,"29,265.60"
2026-05-15,226,2026051505010631,MHCL,49,58,16,348.40,"5,574.40"
2026-05-15,227,2026051505010987,MKHC,4,17,20,316.00,"6,320.00"
2026-05-15,228,2026051505010824,MKHC,26,17,200,316.00,"63,200.00"
2026-05-15,229,2026051505010823,MKHC,49,17,100,316.00,"31,600.00"
2026-05-15,230,2026051505010822,MKHC,58,17,322,316.00,"101,752.00"
2026-05-15,231,2026051505010821,MKHC,42,17,10,316.00,"3,160.00"
2026-05-15,232,2026051505010820,MKHC,42,17,760,316.40,"240,464.00"
2026-05-15,233,2026051505010662,MKHC,42,45,50,316.40,"15,820.00"
2026-05-15,234,2026051505010627,MKHC,42,43,190,316.40,"60,116.00"
2026-05-15,235,2026051505010655,MKHL,42,58,20,510.00,"10,200.00"
2026-05-15,236,2026051505010915,MKJC,32,72,10,490.00,"4,900.00"
2026-05-15,237,2026051505010844,MMF1,48,42,300,9.50,"2,850.00"
2026-05-15,238,2026051505010926,MSHL,56,6,10,693.00,"6,930.00"
2026-05-15,239,2026051505010679,MSHL,41,74,10,680.70,"6,807.00"
2026-05-15,240,2026051505011026,NIFRA,38,90,46,262.20,"12,061.20"
2026-05-15,241,2026051505011025,NIFRA,38,90,50,263.00,"13,150.00"
2026-05-15,242,2026051505011016,NIFRA,38,45,54,262.20,"14,158.80"
2026-05-15,243,2026051505010924,NIFRA,44,48,33,262.10,"8,649.30"
2026-05-15,244,2026051505010923,NIFRA,22,48,10,262.20,"2,622.00"
2026-05-15,245,2026051505010922,NIFRA,11,48,57,262.20,"14,945.40"
2026-05-15,246,2026051505010616,NIFRA,21,11,50,263.20,"13,160.00"
2026-05-15,247,2026051505010683,NIFRA,38,90,36,262.10,"9,435.60"
2026-05-15,248,2026051505010668,NIFRA,38,34,190,262.10,"49,799.00"
2026-05-15,249,2026051505010667,NIFRA,32,34,200,262.10,"52,420.00"
2026-05-15,250,2026051505010666,NIFRA,89,34,110,262.10,"28,831.00"
2026-05-15,251,2026051505010618,NIFRA,89,48,11,262.10,"2,883.10"
2026-05-15,252,2026051505010617,NIFRA,21,48,189,263.20,"49,744.80"
2026-05-15,253,2026051505010873,NIFRA,11,49,73,262.20,"19,140.60"
2026-05-15,254,2026051505010789,NIFRA,52,49,320,262.20,"83,904.00"
2026-05-15,255,2026051505010788,NIFRA,7,49,130,262.30,"34,099.00"
2026-05-15,256,2026051505010736,NIFRA,58,6,10,263.90,"2,639.00"
2026-05-15,257,2026051505010688,NIFRA,44,57,100,262.10,"26,210.00"
2026-05-15,258,2026051505010684,NIFRA,44,90,464,262.10,"121,614.40"
2026-05-15,259,2026051505010989,NRIC,41,32,10,889.00,"8,890.00"
2026-05-15,260,2026051505010988,NRIC,58,32,10,889.00,"8,890.00"
2026-05-15,261,2026051505010708,NRIC,58,48,10,890.00,"8,900.00"
2026-05-15,262,2026051505010646,NRIC,14,38,35,888.50,"31,097.50"
2026-05-15,263,2026051505010645,NRIC,57,38,60,889.00,"53,340.00"
2026-05-15,264,2026051505010948,NRM,48,26,10,358.00,"3,580.00"
2026-05-15,265,2026051505010946,NRM,67,19,15,356.00,"5,340.00"
2026-05-15,266,2026051505010945,NRM,58,19,10,356.00,"3,560.00"
2026-05-15,267,2026051505010944,NRM,47,19,75,356.00,"26,700.00"
2026-05-15,268,2026051505010836,NRM,47,32,25,356.00,"8,900.00"
2026-05-15,269,2026051505010835,NRM,38,32,10,356.30,"3,563.00"
2026-05-15,270,2026051505010615,NRM,17,42,29,357.10,"10,355.90"
2026-05-15,271,2026051505010834,NRM,36,32,45,356.50,"16,042.50"
2026-05-15,272,2026051505010833,NRM,22,32,100,357.00,"35,700.00"
2026-05-15,273,2026051505010832,NRM,58,32,20,357.00,"7,140.00"
2026-05-15,274,2026051505010826,NRM,46,26,30,358.00,"10,740.00"
2026-05-15,275,2026051505010805,NRM,56,26,62,358.00,"22,196.00"
2026-05-15,276,2026051505010710,NRM,14,58,96,357.00,"34,272.00"
2026-05-15,277,2026051505011033,NRN,75,48,45,"1,367.40","61,533.00"
2026-05-15,278,2026051505011032,NRN,75,21,855,"1,364.00","1,166,220.00"
2026-05-15,279,2026051505010911,NRN,41,3,46,"1,365.00","62,790.00"
2026-05-15,280,2026051505010783,NTC,56,35,50,892.00,"44,600.00"
2026-05-15,281,2026051505010782,NTC,56,88,50,892.00,"44,600.00"
2026-05-15,282,2026051505010743,NTC,33,50,314,890.00,"279,460.00"
2026-05-15,283,2026051505010742,NTC,6,50,12,890.40,"10,684.80"
2026-05-15,284,2026051505010741,NTC,38,50,45,890.50,"40,072.50"
2026-05-15,285,2026051505010740,NTC,17,50,10,891.00,"8,910.00"
2026-05-15,286,2026051505010739,NTC,14,50,100,891.10,"89,110.00"
2026-05-15,287,2026051505010738,NTC,21,50,15,891.50,"13,372.50"
2026-05-15,288,2026051505010730,NTC,47,88,50,892.00,"44,600.00"
2026-05-15,289,2026051505010729,NTC,47,7,10,892.00,"8,920.00"
2026-05-15,290,2026051505010907,NYADI,44,22,80,384.00,"30,720.00"
2026-05-15,291,2026051505010906,NYADI,42,22,69,384.00,"26,496.00"
2026-05-15,292,2026051505010905,NYADI,34,22,60,384.00,"23,040.00"
2026-05-15,293,2026051505010904,NYADI,11,22,30,384.00,"11,520.00"
2026-05-15,294,2026051505010903,NYADI,58,22,14,384.00,"5,376.00"
2026-05-15,295,2026051505010902,NYADI,32,22,100,384.00,"38,400.00"
2026-05-15,296,2026051505010901,NYADI,58,22,192,384.00,"73,728.00"
2026-05-15,297,2026051505010971,PHCL,85,14,"1,000",307.00,"307,000.00"
2026-05-15,298,2026051505010921,PHCL,58,3,405,309.00,"125,145.00"
2026-05-15,299,2026051505010920,PHCL,58,40,"1,000",308.00,"308,000.00"
2026-05-15,300,2026051505010919,PHCL,58,58,63,308.00,"19,404.00"
2026-05-15,301,2026051505010918,PHCL,58,44,32,308.00,"9,856.00"
2026-05-15,302,2026051505010917,PHCL,58,3,"1,500",307.50,"461,250.00"
2026-05-15,303,2026051505010766,PHCL,62,3,500,307.50,"153,750.00"
2026-05-15,304,2026051505010737,PHCL,85,49,392,307.00,"120,344.00"
2026-05-15,305,2026051505010726,PHCL,85,45,200,307.00,"61,400.00"
2026-05-15,306,2026051505010711,PHCL,85,14,"1,000",307.00,"307,000.00"
2026-05-15,307,2026051505011019,PPL,49,56,10,353.00,"3,530.00"
2026-05-15,308,2026051505010958,PPL,57,56,65,353.00,"22,945.00"
2026-05-15,309,2026051505010957,PPL,57,34,30,353.00,"10,590.00"
2026-05-15,310,2026051505010956,PPL,57,34,15,352.10,"5,281.50"
2026-05-15,311,2026051505010955,PPL,57,49,15,352.00,"5,280.00"
2026-05-15,312,2026051505010954,PPL,57,49,60,351.80,"21,108.00"
2026-05-15,313,2026051505010863,PPL,57,18,390,349.00,"136,110.00"
2026-05-15,314,2026051505010769,PPL,58,57,50,347.20,"17,360.00"
2026-05-15,315,2026051505010768,PPL,57,57,100,347.50,"34,750.00"
2026-05-15,316,2026051505010767,PPL,1,57,100,348.00,"34,800.00"
2026-05-15,317,2026051505010598,PPL,59,18,50,349.00,"17,450.00"
2026-05-15,318,2026051505010953,PPL,57,74,400,351.70,"140,680.00"
2026-05-15,319,2026051505010952,PPL,57,48,"1,000",349.80,"349,800.00"
2026-05-15,320,2026051505010951,PPL,57,45,15,349.50,"5,242.50"
2026-05-15,321,2026051505010947,PPL,57,6,265,349.00,"92,485.00"
2026-05-15,322,2026051505010912,PPL,57,58,15,349.00,"5,235.00"
2026-05-15,323,2026051505010864,PPL,57,20,55,349.00,"19,195.00"
2026-05-15,324,2026051505011058,RFPL,84,62,278,370.80,"103,082.40"
2026-05-15,325,2026051505011057,RFPL,84,25,267,370.50,"98,923.50"
2026-05-15,326,2026051505011056,RFPL,84,45,100,370.50,"37,050.00"
2026-05-15,327,2026051505011055,RFPL,84,26,100,370.40,"37,040.00"
2026-05-15,328,2026051505011054,RFPL,84,56,345,370.00,"127,650.00"
2026-05-15,329,2026051505011053,RFPL,84,11,500,370.00,"185,000.00"
2026-05-15,330,2026051505010874,RFPL,34,17,100,368.70,"36,870.00"
2026-05-15,331,2026051505010760,RFPL,89,6,10,369.00,"3,690.00"
2026-05-15,332,2026051505010626,RFPL,34,34,20,368.70,"7,374.00"
2026-05-15,333,2026051505010577,RFPL,21,6,24,369.00,"8,856.00"
2026-05-15,334,2026051505011039,RFPL,57,21,40,368.70,"14,748.00"
2026-05-15,335,2026051505011024,RFPL,34,36,100,368.90,"36,890.00"
2026-05-15,336,2026051505011003,RFPL,58,6,35,368.70,"12,904.50"
2026-05-15,337,2026051505010983,RFPL,72,36,10,368.90,"3,689.00"
2026-05-15,338,2026051505010877,RFPL,58,62,85,368.70,"31,339.50"
2026-05-15,339,2026051505010876,RFPL,34,62,15,368.70,"5,530.50"
2026-05-15,340,2026051505011052,RFPL,84,34,20,370.00,"7,400.00"
2026-05-15,341,2026051505011051,RFPL,84,36,390,368.90,"143,871.00"
2026-05-15,342,2026051505011043,RFPL,84,21,835,368.10,"307,363.50"
2026-05-15,343,2026051505011042,RFPL,42,21,15,368.10,"5,521.50"
2026-05-15,344,2026051505011041,RFPL,58,21,10,368.20,"3,682.00"
2026-05-15,345,2026051505011040,RFPL,34,21,100,368.60,"36,860.00"
2026-05-15,346,2026051505011010,RHGCL,42,21,300,292.00,"87,600.00"
2026-05-15,347,2026051505010881,RHGCL,49,32,96,292.70,"28,099.20"
2026-05-15,348,2026051505010860,RHGCL,58,32,10,292.70,"2,927.00"
2026-05-15,349,2026051505010674,RHGCL,42,38,120,291.00,"34,920.00"
2026-05-15,350,2026051505010673,RHGCL,58,38,100,291.00,"29,100.00"
2026-05-15,351,2026051505010672,RHGCL,42,38,500,292.00,"146,000.00"
2026-05-15,352,2026051505010671,RHGCL,45,38,500,292.00,"146,000.00"
2026-05-15,353,2026051505010665,RHGCL,22,32,30,292.70,"8,781.00"
2026-05-15,354,2026051505010664,RHGCL,22,45,70,292.70,"20,489.00"
2026-05-15,355,2026051505010875,RNLI,43,32,12,458.60,"5,503.20"
2026-05-15,356,2026051505010703,RNLI,77,57,12,458.30,"5,499.60"
2026-05-15,357,2026051505010624,RNLI,38,94,12,460.00,"5,520.00"
2026-05-15,358,2026051505010623,RNLI,38,72,12,460.00,"5,520.00"
2026-05-15,359,2026051505010603,RNLI,77,6,12,458.30,"5,499.60"
2026-05-15,360,2026051505010582,RNLI,22,28,1,445.00,445.00
2026-05-15,361,2026051505011014,SAHAS,85,25,"1,900",662.00,"1,257,800.00"
2026-05-15,362,2026051505011013,SAHAS,29,25,100,662.60,"66,260.00"
2026-05-15,363,2026051505010910,SAHAS,65,45,100,663.00,"66,300.00"
2026-05-15,364,2026051505010909,SAHAS,65,35,400,663.00,"265,200.00"
2026-05-15,365,2026051505010809,SAHAS,17,35,100,663.00,"66,300.00"
2026-05-15,366,2026051505010804,SAHAS,85,25,474,662.00,"313,788.00"
2026-05-15,367,2026051505010611,SAHAS,58,48,105,663.00,"69,615.00"
2026-05-15,368,2026051505010610,SAHAS,57,48,250,663.00,"165,750.00"
2026-05-15,369,2026051505010609,SAHAS,42,48,15,663.00,"9,945.00"
2026-05-15,370,2026051505010608,SAHAS,48,48,19,663.00,"12,597.00"
2026-05-15,371,2026051505010596,SAHAS,57,42,100,664.00,"66,400.00"
2026-05-15,372,2026051505010584,SAHAS,48,63,50,663.00,"33,150.00"
2026-05-15,373,2026051505010735,SAHAS,32,36,275,664.00,"182,600.00"
2026-05-15,374,2026051505010713,SAHAS,53,36,12,664.00,"7,968.00"
2026-05-15,375,2026051505010712,SAHAS,53,42,18,664.00,"11,952.00"
2026-05-15,376,2026051505010648,SAHAS,58,42,54,664.00,"35,856.00"
2026-05-15,377,2026051505010613,SAHAS,48,48,11,662.40,"7,286.40"
2026-05-15,378,2026051505010612,SAHAS,44,48,100,663.00,"66,300.00"
2026-05-15,379,2026051505010803,SAHAS,72,25,819,662.10,"542,259.90"
2026-05-15,380,2026051505010802,SAHAS,58,25,68,662.20,"45,029.60"
2026-05-15,381,2026051505010801,SAHAS,3,25,500,662.40,"331,200.00"
2026-05-15,382,2026051505010800,SAHAS,48,25,239,662.40,"158,313.60"
2026-05-15,383,2026051505010799,SAHAS,65,25,500,662.50,"331,250.00"
2026-05-15,384,2026051505010798,SAHAS,58,25,400,662.60,"265,040.00"
2026-05-15,385,2026051505010751,SANVI,36,96,10,673.00,"6,730.00"
2026-05-15,386,2026051505010714,SANVI,69,58,10,672.00,"6,720.00"
2026-05-15,387,2026051505010641,SANVI,42,19,500,672.00,"336,000.00"
2026-05-15,388,2026051505010637,SANVI,42,53,10,672.00,"6,720.00"
2026-05-15,389,2026051505010620,SANVI,42,19,84,672.00,"56,448.00"
2026-05-15,390,2026051505010619,SANVI,38,19,50,672.20,"33,610.00"
2026-05-15,391,2026051505010984,SBCF,16,63,200,9.85,"1,970.00"
2026-05-15,392,2026051505011066,SGHC,25,95,71,362.50,"25,737.50"
2026-05-15,393,2026051505011065,SGHC,44,95,275,362.70,"99,742.50"
2026-05-15,394,2026051505011064,SGHC,57,95,50,363.00,"18,150.00"
2026-05-15,395,2026051505010976,SGHC,43,29,100,365.00,"36,500.00"
2026-05-15,396,2026051505010786,SGHC,58,29,95,365.00,"34,675.00"
2026-05-15,397,2026051505011009,SHIVM,4,95,330,674.00,"222,420.00"
2026-05-15,398,2026051505010977,SHIVM,6,32,100,673.50,"67,350.00"
2026-05-15,399,2026051505010961,SHIVM,48,95,200,674.00,"134,800.00"
2026-05-15,400,2026051505010900,SHIVM,57,95,50,674.00,"33,700.00"
2026-05-15,401,2026051505010888,SHIVM,49,95,20,674.00,"13,480.00"
2026-05-15,402,2026051505010831,SHIVM,44,75,140,673.20,"94,248.00"
2026-05-15,403,2026051505010630,SHIVM,54,33,10,674.10,"6,741.00"
2026-05-15,404,2026051505010597,SHIVM,6,8,19,674.00,"12,806.00"
2026-05-15,405,2026051505010775,SHIVM,36,48,100,674.00,"67,400.00"
2026-05-15,406,2026051505010774,SHIVM,8,48,15,674.00,"10,110.00"
2026-05-15,407,2026051505010773,SHIVM,32,48,151,674.00,"101,774.00"
2026-05-15,408,2026051505010772,SHIVM,6,48,81,674.00,"54,594.00"
2026-05-15,409,2026051505010771,SHIVM,54,48,30,674.10,"20,223.00"
2026-05-15,410,2026051505010764,SHIVM,54,34,10,674.10,"6,741.00"
2026-05-15,411,2026051505010830,SHIVM,81,75,"1,000",673.40,"673,400.00"
2026-05-15,412,2026051505010829,SHIVM,47,75,300,673.40,"202,020.00"
2026-05-15,413,2026051505010828,SHIVM,26,75,50,673.60,"33,680.00"
2026-05-15,414,2026051505010819,SHIVM,69,45,855,674.70,"576,868.50"
2026-05-15,415,2026051505010818,SHIVM,69,48,45,674.00,"30,330.00"
2026-05-15,416,2026051505010776,SHIVM,46,48,113,673.60,"76,116.80"
2026-05-15,417,2026051505010871,SIKLES,58,14,566,585.00,"331,110.00"
2026-05-15,418,2026051505010870,SIKLES,58,91,127,585.00,"74,295.00"
2026-05-15,419,2026051505010869,SIKLES,58,58,50,584.00,"29,200.00"
2026-05-15,420,2026051505010657,SIKLES,44,58,100,582.40,"58,240.00"
2026-05-15,421,2026051505010602,SIKLES,44,13,20,582.40,"11,648.00"
2026-05-15,422,2026051505010601,SIKLES,54,13,70,582.40,"40,768.00"
2026-05-15,423,2026051505010600,SIKLES,6,13,20,583.00,"11,660.00"
2026-05-15,424,2026051505010649,SMATA,18,5,19,767.40,"14,580.60"
2026-05-15,425,2026051505010889,SMH,19,45,10,576.50,"5,765.00"
2026-05-15,426,2026051505010670,SMH,19,35,10,576.00,"5,760.00"
2026-05-15,427,2026051505011044,SMHL,48,44,10,494.00,"4,940.00"
2026-05-15,428,2026051505010960,SMHL,48,44,10,494.00,"4,940.00"
2026-05-15,429,2026051505010959,SMHL,48,6,20,492.20,"9,844.00"
2026-05-15,430,2026051505010941,SMHL,59,13,80,490.00,"39,200.00"
2026-05-15,431,2026051505010940,SMHL,11,13,20,490.00,"9,800.00"
2026-05-15,432,2026051505010939,SMHL,91,13,10,490.10,"4,901.00"
2026-05-15,433,2026051505010700,SMHL,69,6,65,490.00,"31,850.00"
2026-05-15,434,2026051505010699,SMHL,91,6,100,490.10,"49,010.00"
2026-05-15,435,2026051505010698,SMHL,26,6,300,490.10,"147,030.00"
2026-05-15,436,2026051505010697,SMHL,58,6,50,490.10,"24,505.00"
2026-05-15,437,2026051505010816,SMHL,44,49,380,490.00,"186,200.00"
2026-05-15,438,2026051505010815,SMHL,58,49,645,490.00,"316,050.00"
2026-05-15,439,2026051505010785,SMHL,58,42,80,490.00,"39,200.00"
2026-05-15,440,2026051505010750,SMHL,1,50,50,490.10,"24,505.00"
2026-05-15,441,2026051505010702,SMHL,58,6,"1,275",490.00,"624,750.00"
2026-05-15,442,2026051505010701,SMHL,38,6,150,490.00,"73,500.00"
2026-05-15,443,2026051505010898,SMHL,14,97,40,490.00,"19,600.00"
2026-05-15,444,2026051505010897,SMHL,42,97,100,490.00,"49,000.00"
2026-05-15,445,2026051505010896,SMHL,77,97,205,490.00,"100,450.00"
2026-05-15,446,2026051505010854,SMHL,97,53,50,490.10,"24,505.00"
2026-05-15,447,2026051505010853,SMHL,97,50,250,490.10,"122,525.00"
2026-05-15,448,2026051505010817,SMHL,77,49,75,490.00,"36,750.00"
2026-05-15,449,2026051505011038,SMJC,43,45,10,458.00,"4,580.00"
2026-05-15,450,2026051505010970,SMJC,58,4,52,457.00,"23,764.00"
2026-05-15,451,2026051505010933,SMJC,58,57,100,457.00,"45,700.00"
2026-05-15,452,2026051505010784,SMJC,4,25,"1,060",457.80,"485,268.00"
2026-05-15,453,2026051505010715,SMJC,58,34,100,457.00,"45,700.00"
2026-05-15,454,2026051505010661,SMJC,8,25,213,457.80,"97,511.40"
2026-05-15,455,2026051505010660,SMJC,8,74,287,457.40,"131,273.80"
2026-05-15,456,2026051505010862,SONA,25,25,88,439.10,"38,640.80"
2026-05-15,457,2026051505010861,SONA,5,25,30,439.10,"13,173.00"
2026-05-15,458,2026051505010761,SONA,56,34,200,439.20,"87,840.00"
2026-05-15,459,2026051505010682,SONA,56,6,10,439.20,"4,392.00"
2026-05-15,460,2026051505010621,SONA,22,45,10,439.50,"4,395.00"
2026-05-15,461,2026051505011022,SPC,34,26,45,452.00,"20,340.00"
2026-05-15,462,2026051505011015,SPC,49,26,55,452.00,"24,860.00"
2026-05-15,463,2026051505010931,SPC,5,70,50,451.50,"22,575.00"
2026-05-15,464,2026051505010930,SPC,10,70,50,451.60,"22,580.00"
2026-05-15,465,2026051505010899,SPC,45,26,200,452.00,"90,400.00"
2026-05-15,466,2026051505010650,SPC,48,91,100,452.10,"45,210.00"
2026-05-15,467,2026051505010937,SPHL,58,22,50,507.10,"25,355.00"
2026-05-15,468,2026051505010936,SPHL,3,22,200,508.00,"101,600.00"
2026-05-15,469,2026051505010935,SPHL,41,22,10,508.00,"5,080.00"
2026-05-15,470,2026051505010934,SPHL,38,22,30,508.00,"15,240.00"
2026-05-15,471,2026051505010895,SPHL,42,41,22,512.00,"11,264.00"
2026-05-15,472,2026051505010807,SPL,29,61,70,704.00,"49,280.00"
2026-05-15,473,2026051505010727,SPL,29,51,200,704.00,"140,800.00"
2026-05-15,474,2026051505011031,STC,32,54,10,"5,984.00","59,840.00"
2026-05-15,475,2026051505011071,TAMOR,44,5,"1,001",447.10,"447,547.10"
2026-05-15,476,2026051505010963,TAMOR,59,43,300,449.00,"134,700.00"
2026-05-15,477,2026051505010962,TAMOR,59,72,490,449.00,"220,010.00"
2026-05-15,478,2026051505010880,TAMOR,62,72,10,449.00,"4,490.00"
2026-05-15,479,2026051505011069,TPC,48,32,10,365.50,"3,655.00"
2026-05-15,480,2026051505010851,TPC,57,18,150,363.50,"54,525.00"
2026-05-15,481,2026051505011050,TSHL,48,36,10,599.00,"5,990.00"
2026-05-15,482,2026051505010968,TVCL,81,49,200,511.40,"102,280.00"
2026-05-15,483,2026051505010794,TVCL,81,11,100,511.40,"51,140.00"
2026-05-15,484,2026051505010793,TVCL,45,49,80,511.40,"40,912.00"
2026-05-15,485,2026051505010762,UHEWA,35,42,70,570.00,"39,900.00"
2026-05-15,486,2026051505010705,UHEWA,35,48,11,570.00,"6,270.00"
2026-05-15,487,2026051505010704,UHEWA,35,42,15,570.00,"8,550.00"
2026-05-15,488,2026051505011020,ULHC,58,45,134,492.00,"65,928.00"
2026-05-15,489,2026051505011017,ULHC,35,54,190,485.20,"92,188.00"
2026-05-15,490,2026051505010975,ULHC,58,45,40,492.00,"19,680.00"
2026-05-15,491,2026051505010974,ULHC,58,21,10,491.00,"4,910.00"
2026-05-15,492,2026051505010765,USHEC,58,52,10,492.00,"4,920.00"
2026-05-15,493,2026051505011068,USHL,34,49,14,617.80,"8,649.20"
2026-05-15,494,2026051505011011,USHL,89,45,10,615.00,"6,150.00"
2026-05-15,495,2026051505010943,VLUCL,19,56,30,487.00,"14,610.00"
2026-05-15,496,2026051505010942,VLUCL,19,57,10,487.00,"4,870.00"
2026-05-15,497,2026051505010812,VLUCL,19,57,190,487.00,"92,530.00"
2026-05-15,498,2026051505010811,VLUCL,19,25,10,486.50,"4,865.00"
2026-05-15,499,2026051505010810,VLUCL,19,21,10,486.00,"4,860.00"
2026-05-15,500,2026051505010643,VLUCL,52,58,50,486.00,"24,300.00"
2026-05-15,501,2026051505010495,AHL,35,74,240,509.00,"122,160.00"
2026-05-15,502,2026051505010194,AHL,58,74,34,509.00,"17,306.00"
2026-05-15,503,2026051505010128,AHL,56,74,500,508.00,"254,000.00"
2026-05-15,504,2026051505010328,BEDC,22,42,10,361.50,"3,615.00"
2026-05-15,505,2026051505010112,BEDC,42,66,69,361.10,"24,915.90"
2026-05-15,506,2026051505010111,BEDC,48,66,50,361.10,"18,055.00"
2026-05-15,507,2026051505010110,BEDC,48,66,40,361.20,"14,448.00"
2026-05-15,508,2026051505010096,BEDC,43,66,10,361.50,"3,615.00"
2026-05-15,509,2026051505010516,BGWT,47,58,10,684.00,"6,840.00"
2026-05-15,510,2026051505010114,BGWT,47,36,60,680.00,"40,800.00"
2026-05-15,511,2026051505010150,BGWT,47,14,10,680.00,"6,800.00"
2026-05-15,512,2026051505010149,BGWT,47,48,140,680.00,"95,200.00"
2026-05-15,513,2026051505010117,BGWT,47,48,60,680.00,"40,800.00"
2026-05-15,514,2026051505010116,BGWT,47,74,300,680.00,"204,000.00"
2026-05-15,515,2026051505010115,BGWT,47,57,80,680.00,"54,400.00"
2026-05-15,516,2026051505010246,BGWT,47,39,21,680.90,"14,298.90"
2026-05-15,517,2026051505010225,BGWT,47,14,131,680.00,"89,080.00"
2026-05-15,518,2026051505010329,BGWT,47,45,11,684.00,"7,524.00"
2026-05-15,519,2026051505010317,BGWT,47,45,10,684.00,"6,840.00"
2026-05-15,520,2026051505010316,BGWT,47,6,20,684.00,"13,680.00"
2026-05-15,521,2026051505010275,BGWT,47,6,10,681.00,"6,810.00"
2026-05-15,522,2026051505010423,BHDC,26,57,100,455.00,"45,500.00"
2026-05-15,523,2026051505010477,BHL,14,49,104,221.90,"23,077.60"
2026-05-15,524,2026051505010476,BHL,14,58,200,221.90,"44,380.00"
2026-05-15,525,2026051505010456,BHL,38,45,20,221.50,"4,430.00"
2026-05-15,526,2026051505010420,BHL,38,34,912,221.50,"202,008.00"
2026-05-15,527,2026051505010419,BHL,57,34,88,221.50,"19,492.00"
2026-05-15,528,2026051505010387,BHL,57,58,12,221.50,"2,658.00"
2026-05-15,529,2026051505010176,BHL,50,22,200,222.00,"44,400.00"
2026-05-15,530,2026051505010124,BHL,50,33,500,222.00,"111,000.00"
2026-05-15,531,2026051505010098,BHL,50,85,500,222.00,"111,000.00"
2026-05-15,532,2026051505010091,BHL,58,39,10,222.10,"2,221.00"
2026-05-15,533,2026051505010303,BHL,46,37,50,222.00,"11,100.00"
2026-05-15,534,2026051505010254,BHL,35,37,10,222.00,"2,220.00"
2026-05-15,535,2026051505010253,BHL,53,37,254,222.00,"56,388.00"
2026-05-15,536,2026051505010202,BHL,53,54,246,222.00,"54,612.00"
2026-05-15,537,2026051505010201,BHL,50,54,184,222.00,"40,848.00"
2026-05-15,538,2026051505010186,BHL,50,17,116,222.00,"25,752.00"
2026-05-15,539,2026051505010447,BHPL,34,43,34,523.00,"17,782.00"
2026-05-15,540,2026051505010446,BHPL,34,22,50,522.90,"26,145.00"
2026-05-15,541,2026051505010445,BHPL,34,22,10,520.00,"5,200.00"
2026-05-15,542,2026051505010444,BHPL,34,88,466,518.00,"241,388.00"
2026-05-15,543,2026051505010443,BHPL,34,34,10,517.90,"5,179.00"
2026-05-15,544,2026051505010442,BHPL,34,76,140,517.00,"72,380.00"
2026-05-15,545,2026051505010441,BHPL,34,13,290,516.00,"149,640.00"
2026-05-15,546,2026051505010103,BHPL,34,13,10,516.00,"5,160.00"
2026-05-15,547,2026051505010457,BNHC,43,45,140,325.10,"45,514.00"
2026-05-15,548,2026051505010358,BNHC,34,51,10,325.00,"3,250.00"
2026-05-15,549,2026051505010182,CHDC,6,45,40,"2,260.00","90,400.00"
2026-05-15,550,2026051505010177,CHDC,46,45,38,"2,260.00","85,880.00"
2026-05-15,551,2026051505010490,CIT,16,35,25,"1,764.00","44,100.00"
2026-05-15,552,2026051505010232,CIT,58,35,14,"1,764.00","24,696.00"
2026-05-15,553,2026051505010231,CIT,58,35,12,"1,764.00","21,168.00"
2026-05-15,554,2026051505010230,CIT,21,35,10,"1,765.00","17,650.00"
2026-05-15,555,2026051505010559,CLI,28,51,3,440.00,"1,320.00"
2026-05-15,556,2026051505010322,CLI,22,34,52,453.50,"23,582.00"
2026-05-15,557,2026051505010241,CLI,35,96,30,454.50,"13,635.00"
2026-05-15,558,2026051505010240,CLI,35,6,13,454.40,"5,907.20"
2026-05-15,559,2026051505010239,CLI,35,36,13,454.00,"5,902.00"
2026-05-15,560,2026051505010229,CLI,22,17,13,453.50,"5,895.50"
2026-05-15,561,2026051505010151,CLI,34,87,3,439.70,"1,319.10"
2026-05-15,562,2026051505010126,CLI,34,42,3,451.80,"1,355.40"
2026-05-15,563,2026051505010109,CLI,69,34,34,453.20,"15,408.80"
2026-05-15,564,2026051505010108,CLI,17,34,14,453.30,"6,346.20"
2026-05-15,565,2026051505010475,DOLTI,45,3,200,346.00,"69,200.00"
2026-05-15,566,2026051505010377,DOLTI,45,57,50,346.00,"17,300.00"
2026-05-15,567,2026051505010181,DOLTI,54,56,201,345.00,"69,345.00"
2026-05-15,568,2026051505010180,DOLTI,45,56,190,346.00,"65,740.00"
2026-05-15,569,2026051505010558,DORDI,43,17,80,271.50,"21,720.00"
2026-05-15,570,2026051505010557,DORDI,42,17,145,271.50,"39,367.50"
2026-05-15,571,2026051505010341,DORDI,42,17,295,271.50,"80,092.50"
2026-05-15,572,2026051505010340,DORDI,36,17,35,271.70,"9,509.50"
2026-05-15,573,2026051505010326,DORDI,42,56,60,271.50,"16,290.00"
2026-05-15,574,2026051505010274,DORDI,43,45,110,271.00,"29,810.00"
2026-05-15,575,2026051505010273,DORDI,51,45,300,271.00,"81,300.00"
2026-05-15,576,2026051505010272,DORDI,58,45,90,271.00,"24,390.00"
2026-05-15,577,2026051505010511,EHPL,42,6,50,380.00,"19,000.00"
2026-05-15,578,2026051505010389,GCIL,32,58,10,416.00,"4,160.00"
2026-05-15,579,2026051505010196,GCIL,38,74,12,413.70,"4,964.40"
2026-05-15,580,2026051505010242,GCIL,38,62,172,413.70,"71,156.40"
2026-05-15,581,2026051505010572,GVL,49,90,48,487.00,"23,376.00"
2026-05-15,582,2026051505010571,GVL,11,90,35,487.30,"17,055.50"
2026-05-15,583,2026051505010570,GVL,37,90,150,487.30,"73,095.00"
2026-05-15,584,2026051505010569,GVL,44,90,200,487.40,"97,480.00"
2026-05-15,585,2026051505010568,GVL,57,90,286,487.50,"139,425.00"
2026-05-15,586,2026051505010567,GVL,35,90,50,487.50,"24,375.00"
2026-05-15,587,2026051505010488,GVL,33,29,11,488.00,"5,368.00"
2026-05-15,588,2026051505010306,HATHY,36,58,40,792.00,"31,680.00"
2026-05-15,589,2026051505010305,HATHY,34,58,10,792.00,"7,920.00"
2026-05-15,590,2026051505010506,HDL,34,75,36,"1,158.50","41,706.00"
2026-05-15,591,2026051505010489,HDL,34,19,13,"1,158.50","15,060.50"
2026-05-15,592,2026051505010463,HDL,41,51,14,"1,159.00","16,226.00"
2026-05-15,593,2026051505010364,HDL,25,51,18,"1,159.00","20,862.00"
2026-05-15,594,2026051505010075,HDL,57,14,27,"1,158.00","31,266.00"
2026-05-15,595,2026051505010074,HDL,34,14,50,"1,158.00","57,900.00"
2026-05-15,596,2026051505010073,HDL,36,14,100,"1,158.00","115,800.00"
2026-05-15,597,2026051505010258,HDL,35,6,29,"1,158.00","33,582.00"
2026-05-15,598,2026051505010257,HDL,47,6,40,"1,158.00","46,320.00"
2026-05-15,599,2026051505010248,HDL,47,62,10,"1,158.00","11,580.00"
2026-05-15,600,2026051505010247,HDL,19,62,10,"1,158.00","11,580.00"
2026-05-15,601,2026051505010200,HDL,57,49,43,"1,158.00","49,794.00"
2026-05-15,602,2026051505010291,HDL,14,51,45,"1,159.00","52,155.00"
2026-05-15,603,2026051505010259,HDL,47,6,316,"1,158.00","365,928.00"
2026-05-15,604,2026051505010439,HHL,54,17,100,367.10,"36,710.00"
2026-05-15,605,2026051505010438,HHL,64,17,900,367.60,"330,840.00"
2026-05-15,606,2026051505010424,HHL,45,34,100,368.00,"36,800.00"
2026-05-15,607,2026051505010415,HHL,62,34,"1,500",368.00,"552,000.00"
2026-05-15,608,2026051505010414,HHL,62,7,500,368.00,"184,000.00"
2026-05-15,609,2026051505010192,HHL,58,89,505,368.00,"185,840.00"
2026-05-15,610,2026051505010263,HHL,3,34,400,367.60,"147,040.00"
2026-05-15,611,2026051505010262,HHL,3,34,500,367.70,"183,850.00"
2026-05-15,612,2026051505010245,HHL,42,89,50,368.00,"18,400.00"
2026-05-15,613,2026051505010222,HHL,58,89,175,368.00,"64,400.00"
2026-05-15,614,2026051505010269,HHL,58,34,395,367.00,"144,965.00"
2026-05-15,615,2026051505010268,HHL,58,34,100,367.00,"36,700.00"
2026-05-15,616,2026051505010267,HHL,57,34,300,367.10,"110,130.00"
2026-05-15,617,2026051505010266,HHL,13,34,50,367.10,"18,355.00"
2026-05-15,618,2026051505010265,HHL,42,34,50,367.30,"18,365.00"
2026-05-15,619,2026051505010264,HHL,58,34,163,367.30,"59,869.90"
2026-05-15,620,2026051505010373,HHL,22,89,70,368.00,"25,760.00"
2026-05-15,621,2026051505010359,HHL,64,29,100,367.60,"36,760.00"
2026-05-15,622,2026051505010547,HIDCL,58,62,188,267.00,"50,196.00"
2026-05-15,623,2026051505010540,HIDCL,49,62,"1,230",267.00,"328,410.00"
2026-05-15,624,2026051505010509,HIDCL,32,80,10,267.60,"2,676.00"
2026-05-15,625,2026051505010487,HIDCL,32,62,29,267.00,"7,743.00"
2026-05-15,626,2026051505010451,HIDCL,16,62,49,267.00,"13,083.00"
2026-05-15,627,2026051505010450,HIDCL,21,62,"4,113",267.00,"1,098,171.00"
2026-05-15,628,2026051505010154,HIDCL,21,53,800,266.90,"213,520.00"
2026-05-15,629,2026051505010190,HIDCL,39,49,290,266.60,"77,314.00"
2026-05-15,630,2026051505010189,HIDCL,42,49,10,266.60,"2,666.00"
2026-05-15,631,2026051505010158,HIDCL,21,57,50,267.00,"13,350.00"
2026-05-15,632,2026051505010157,HIDCL,21,16,500,267.00,"133,500.00"
2026-05-15,633,2026051505010156,HIDCL,21,50,230,267.00,"61,410.00"
2026-05-15,634,2026051505010155,HIDCL,21,43,500,267.00,"133,500.00"
2026-05-15,635,2026051505010418,HIDCL,21,42,71,267.00,"18,957.00"
2026-05-15,636,2026051505010391,HIDCL,64,80,100,267.60,"26,760.00"
2026-05-15,637,2026051505010390,HIDCL,64,53,900,267.60,"240,840.00"
2026-05-15,638,2026051505010380,HIDCL,21,58,"1,000",267.00,"267,000.00"
2026-05-15,639,2026051505010330,HIDCL,21,53,100,267.60,"26,760.00"
2026-05-15,640,2026051505010191,HIDCL,39,80,210,267.70,"56,217.00"
2026-05-15,641,2026051505010556,HRL,38,49,10,630.50,"6,305.00"
2026-05-15,642,2026051505010552,HRL,58,56,10,632.00,"6,320.00"
2026-05-15,643,2026051505010534,HRL,42,35,1,630.50,630.50
2026-05-15,644,2026051505010494,HRL,51,6,80,630.40,"50,432.00"
2026-05-15,645,2026051505010493,HRL,16,6,100,630.40,"63,040.00"
2026-05-15,646,2026051505010492,HRL,6,6,20,630.50,"12,610.00"
2026-05-15,647,2026051505010077,HRL,26,44,183,632.20,"115,692.60"
2026-05-15,648,2026051505010084,HRL,35,56,10,632.00,"6,320.00"
2026-05-15,649,2026051505010083,HRL,48,56,500,632.00,"316,000.00"
2026-05-15,650,2026051505010082,HRL,96,56,10,632.00,"6,320.00"
2026-05-15,651,2026051505010081,HRL,8,56,10,632.00,"6,320.00"
2026-05-15,652,2026051505010080,HRL,34,56,58,632.00,"36,656.00"
2026-05-15,653,2026051505010079,HRL,26,56,52,632.20,"32,874.40"
2026-05-15,654,2026051505010167,HRL,47,48,156,631.00,"98,436.00"
2026-05-15,655,2026051505010166,HRL,45,48,90,631.00,"56,790.00"
2026-05-15,656,2026051505010165,HRL,1,48,100,631.10,"63,110.00"
2026-05-15,657,2026051505010125,HRL,45,58,10,631.00,"6,310.00"
2026-05-15,658,2026051505010173,HRL,16,48,20,631.00,"12,620.00"
2026-05-15,659,2026051505010172,HRL,33,48,50,631.00,"31,550.00"
2026-05-15,660,2026051505010171,HRL,22,48,15,631.00,"9,465.00"
2026-05-15,661,2026051505010170,HRL,45,48,50,631.00,"31,550.00"
2026-05-15,662,2026051505010169,HRL,58,48,31,631.00,"19,561.00"
2026-05-15,663,2026051505010168,HRL,35,48,100,631.00,"63,100.00"
2026-05-15,664,2026051505010220,HRL,52,90,17,630.80,"10,723.60"
2026-05-15,665,2026051505010219,HRL,49,90,284,631.00,"179,204.00"
2026-05-15,666,2026051505010199,HRL,49,77,31,631.00,"19,561.00"
2026-05-15,667,2026051505010184,HRL,52,36,45,630.80,"28,386.00"
2026-05-15,668,2026051505010174,HRL,52,48,138,630.80,"87,050.40"
2026-05-15,669,2026051505010276,HRL,28,90,31,631.00,"19,561.00"
2026-05-15,670,2026051505010228,HRL,25,56,40,632.00,"25,280.00"
2026-05-15,671,2026051505010227,HRL,25,17,10,631.90,"6,319.00"
2026-05-15,672,2026051505010221,HRL,52,90,90,630.80,"56,772.00"
2026-05-15,673,2026051505010281,HRL,87,90,409,630.50,"257,874.50"
2026-05-15,674,2026051505010280,HRL,41,90,300,630.50,"189,150.00"
2026-05-15,675,2026051505010279,HRL,37,90,200,630.80,"126,160.00"
2026-05-15,676,2026051505010278,HRL,1,90,50,630.80,"31,540.00"
2026-05-15,677,2026051505010277,HRL,52,90,10,630.80,"6,308.00"
2026-05-15,678,2026051505010370,HRL,87,99,91,630.50,"57,375.50"
2026-05-15,679,2026051505010369,HRL,58,99,50,630.60,"31,530.00"
2026-05-15,680,2026051505010336,HRL,56,70,100,631.90,"63,190.00"
2026-05-15,681,2026051505010335,HRL,56,58,10,631.50,"6,315.00"
2026-05-15,682,2026051505010404,HRL,42,99,99,630.50,"62,419.50"
2026-05-15,683,2026051505010396,HRL,32,99,10,630.50,"6,305.00"
2026-05-15,684,2026051505010394,HRL,7,34,10,630.30,"6,303.00"
2026-05-15,685,2026051505010375,HRL,40,99,50,630.50,"31,525.00"
2026-05-15,686,2026051505010371,HRL,63,99,100,630.50,"63,050.00"
2026-05-15,687,2026051505010472,HRL,58,56,10,632.00,"6,320.00"
2026-05-15,688,2026051505010464,HRL,45,72,3,631.00,"1,893.00"
2026-05-15,689,2026051505010454,HRL,6,58,30,630.50,"18,915.00"
2026-05-15,690,2026051505010437,HRL,35,58,20,630.50,"12,610.00"
2026-05-15,691,2026051505010421,HRL,22,58,50,630.50,"31,525.00"
2026-05-15,692,2026051505010513,IHL,58,58,429,402.90,"172,844.10"
2026-05-15,693,2026051505010512,IHL,58,35,71,402.90,"28,605.90"
2026-05-15,694,2026051505010416,IHL,58,89,100,402.00,"40,200.00"
2026-05-15,695,2026051505010412,IHL,59,89,100,402.80,"40,280.00"
2026-05-15,696,2026051505010304,IHL,58,35,15,402.90,"6,043.50"
2026-05-15,697,2026051505010425,ILI,33,56,20,436.00,"8,720.00"
2026-05-15,698,2026051505010405,ILI,33,3,"1,000",436.00,"436,000.00"
2026-05-15,699,2026051505010356,ILI,16,44,313,439.90,"137,688.70"
2026-05-15,700,2026051505010355,ILI,16,48,35,439.90,"15,396.50"
2026-05-15,701,2026051505010354,ILI,16,19,85,439.00,"37,315.00"
2026-05-15,702,2026051505010353,ILI,16,29,12,439.00,"5,268.00"
2026-05-15,703,2026051505010178,ILI,33,58,12,436.00,"5,232.00"
2026-05-15,704,2026051505010153,ILI,33,51,12,436.00,"5,232.00"
2026-05-15,705,2026051505010132,ILI,58,6,14,437.00,"6,118.00"
2026-05-15,706,2026051505010131,ILI,58,49,12,437.00,"5,244.00"
2026-05-15,707,2026051505010130,ILI,58,35,12,437.00,"5,244.00"
2026-05-15,708,2026051505010346,ILI,16,41,12,437.00,"5,244.00"
2026-05-15,709,2026051505010345,ILI,16,32,20,437.00,"8,740.00"
2026-05-15,710,2026051505010344,ILI,16,56,12,437.00,"5,244.00"
2026-05-15,711,2026051505010343,ILI,16,6,29,437.00,"12,673.00"
2026-05-15,712,2026051505010339,ILI,33,45,12,436.00,"5,232.00"
2026-05-15,713,2026051505010243,ILI,33,57,12,436.00,"5,232.00"
2026-05-15,714,2026051505010352,ILI,16,35,100,439.00,"43,900.00"
2026-05-15,715,2026051505010351,ILI,16,57,10,439.00,"4,390.00"
2026-05-15,716,2026051505010350,ILI,16,45,236,439.00,"103,604.00"
2026-05-15,717,2026051505010349,ILI,16,34,12,439.00,"5,268.00"
2026-05-15,718,2026051505010348,ILI,16,54,12,438.00,"5,256.00"
2026-05-15,719,2026051505010347,ILI,16,49,12,438.00,"5,256.00"
2026-05-15,720,2026051505010251,MAKAR,42,38,100,494.00,"49,400.00"
2026-05-15,721,2026051505010565,MBJC,38,74,10,282.00,"2,820.00"
2026-05-15,722,2026051505010292,MBJC,32,49,10,284.00,"2,840.00"
2026-05-15,723,2026051505010290,MBJC,38,41,10,281.40,"2,814.00"
2026-05-15,724,2026051505010238,MBJC,47,48,300,281.40,"84,420.00"
2026-05-15,725,2026051505010139,MBJC,32,49,10,284.00,"2,840.00"
2026-05-15,726,2026051505010118,MBJC,32,41,31,282.00,"8,742.00"
2026-05-15,727,2026051505010531,MCHL,25,39,200,310.00,"62,000.00"
2026-05-15,728,2026051505010462,MCHL,57,39,90,310.00,"27,900.00"
2026-05-15,729,2026051505010461,MCHL,57,45,10,309.90,"3,099.00"
2026-05-15,730,2026051505010388,MCHL,3,45,240,309.30,"74,232.00"
2026-05-15,731,2026051505010123,MEL,58,57,40,236.50,"9,460.00"
2026-05-15,732,2026051505010105,MEL,11,51,10,236.50,"2,365.00"
2026-05-15,733,2026051505010183,MEL,41,57,10,236.50,"2,365.00"
2026-05-15,734,2026051505010252,MEL,65,49,50,237.00,"11,850.00"
2026-05-15,735,2026051505010237,MEL,74,57,50,236.50,"11,825.00"
2026-05-15,736,2026051505010293,MEL,19,49,90,237.00,"21,330.00"
2026-05-15,737,2026051505010295,MEL,19,58,10,237.00,"2,370.00"
2026-05-15,738,2026051505010294,MEL,19,49,10,237.00,"2,370.00"
2026-05-15,739,2026051505010379,MEL,74,32,50,238.00,"11,900.00"
2026-05-15,740,2026051505010449,MEL,74,32,50,238.00,"11,900.00"
2026-05-15,741,2026051505010486,MHCL,49,45,10,348.40,"3,484.00"
2026-05-15,742,2026051505010455,MHL,42,32,10,498.50,"4,985.00"
2026-05-15,743,2026051505010302,MHL,49,19,149,492.00,"73,308.00"
2026-05-15,744,2026051505010301,MHL,49,19,250,492.00,"123,000.00"
2026-05-15,745,2026051505010300,MHL,39,19,10,492.00,"4,920.00"
2026-05-15,746,2026051505010299,MHL,46,19,30,492.10,"14,763.00"
2026-05-15,747,2026051505010298,MHL,4,19,50,492.50,"24,625.00"
2026-05-15,748,2026051505010297,MHL,25,19,31,492.50,"15,267.50"
2026-05-15,749,2026051505010296,MHL,1,19,480,492.60,"236,448.00"
2026-05-15,750,2026051505010508,MKHC,49,17,10,317.00,"3,170.00"
2026-05-15,751,2026051505010101,MKHL,42,11,93,510.00,"47,430.00"
2026-05-15,752,2026051505010100,MKHL,42,11,100,510.10,"51,010.00"
2026-05-15,753,2026051505010099,MKHL,6,11,200,510.90,"102,180.00"
2026-05-15,754,2026051505010368,MMF1,48,25,300,9.41,"2,823.00"
2026-05-15,755,2026051505010440,MMKJL,41,58,10,491.00,"4,910.00"
2026-05-15,756,2026051505010334,MMKJL,71,22,100,490.00,"49,000.00"
2026-05-15,757,2026051505010333,MMKJL,71,45,10,490.00,"4,900.00"
2026-05-15,758,2026051505010332,MMKJL,71,74,69,490.00,"33,810.00"
2026-05-15,759,2026051505010555,NIFRA,21,51,185,263.20,"48,692.00"
2026-05-15,760,2026051505010554,NIFRA,21,28,64,263.20,"16,844.80"
2026-05-15,761,2026051505010553,NIFRA,21,26,12,263.10,"3,157.20"
2026-05-15,762,2026051505010538,NIFRA,89,45,14,262.10,"3,669.40"
2026-05-15,763,2026051505010537,NIFRA,8,45,40,262.90,"10,516.00"
2026-05-15,764,2026051505010530,NIFRA,8,1,60,262.20,"15,732.00"
2026-05-15,765,2026051505010179,NIFRA,44,42,25,262.20,"6,555.00"
2026-05-15,766,2026051505010097,NIFRA,11,42,15,262.40,"3,936.00"
2026-05-15,767,2026051505010089,NIFRA,44,35,"1,410",262.20,"369,702.00"
2026-05-15,768,2026051505010088,NIFRA,89,35,444,262.30,"116,461.20"
2026-05-15,769,2026051505010087,NIFRA,49,35,360,262.30,"94,428.00"
2026-05-15,770,2026051505010086,NIFRA,58,35,286,262.40,"75,046.40"
2026-05-15,771,2026051505010436,NIFRA,75,14,25,262.50,"6,562.50"
2026-05-15,772,2026051505010395,NIFRA,44,38,618,262.20,"162,039.60"
2026-05-15,773,2026051505010367,NIFRA,44,38,"4,954",262.20,"1,298,938.80"
2026-05-15,774,2026051505010366,NIFRA,17,38,546,262.30,"143,215.80"
2026-05-15,775,2026051505010365,NIFRA,38,38,500,262.30,"131,150.00"
2026-05-15,776,2026051505010327,NIFRA,38,90,500,262.30,"131,150.00"
2026-05-15,777,2026051505010479,NIFRA,49,58,14,262.50,"3,675.00"
2026-05-15,778,2026051505010478,NIFRA,49,14,29,262.50,"7,612.50"
2026-05-15,779,2026051505010460,NIFRA,89,38,309,262.10,"80,988.90"
2026-05-15,780,2026051505010459,NIFRA,22,38,100,262.20,"26,220.00"
2026-05-15,781,2026051505010458,NIFRA,44,38,591,262.20,"154,960.20"
2026-05-15,782,2026051505010448,NIFRA,44,33,216,262.20,"56,635.20"
2026-05-15,783,2026051505010485,NIFRA,49,26,188,263.10,"49,462.80"
2026-05-15,784,2026051505010484,NIFRA,49,95,64,263.00,"16,832.00"
2026-05-15,785,2026051505010483,NIFRA,49,48,200,263.00,"52,600.00"
2026-05-15,786,2026051505010482,NIFRA,49,6,50,263.00,"13,150.00"
2026-05-15,787,2026051505010481,NIFRA,49,16,43,262.90,"11,304.70"
2026-05-15,788,2026051505010480,NIFRA,49,53,412,262.90,"108,314.80"
2026-05-15,789,2026051505010564,NRIC,14,34,98,888.50,"87,073.00"
2026-05-15,790,2026051505010563,NRIC,17,34,20,889.00,"17,780.00"
2026-05-15,791,2026051505010562,NRIC,49,34,50,889.00,"44,450.00"
2026-05-15,792,2026051505010561,NRIC,38,34,27,889.00,"24,003.00"
2026-05-15,793,2026051505010560,NRIC,33,34,360,889.50,"320,220.00"
2026-05-15,794,2026051505010435,NRIC,45,34,25,890.00,"22,250.00"
2026-05-15,795,2026051505010085,NRIC,58,34,10,892.90,"8,929.00"
2026-05-15,796,2026051505010434,NRIC,43,34,50,890.00,"44,500.00"
2026-05-15,797,2026051505010433,NRIC,6,34,150,890.00,"133,500.00"
2026-05-15,798,2026051505010432,NRIC,45,34,20,890.00,"17,800.00"
2026-05-15,799,2026051505010325,NRIC,59,34,18,892.90,"16,072.20"
2026-05-15,800,2026051505010548,NRM,89,42,10,357.10,"3,571.00"
2026-05-15,801,2026051505010529,NRM,58,56,28,356.00,"9,968.00"
2026-05-15,802,2026051505010528,NRM,39,56,50,356.00,"17,800.00"
2026-05-15,803,2026051505010527,NRM,7,56,110,356.00,"39,160.00"
2026-05-15,804,2026051505010526,NRM,45,56,10,356.00,"3,560.00"
2026-05-15,805,2026051505010525,NRM,21,56,125,356.10,"44,512.50"
2026-05-15,806,2026051505010234,NRM,34,22,30,357.50,"10,725.00"
2026-05-15,807,2026051505010233,NRM,54,22,47,357.50,"16,802.50"
2026-05-15,808,2026051505010226,NRM,54,58,10,357.50,"3,575.00"
2026-05-15,809,2026051505010185,NRM,49,42,10,358.00,"3,580.00"
2026-05-15,810,2026051505010106,NRM,54,34,143,357.50,"51,122.50"
2026-05-15,811,2026051505010078,NRM,58,33,17,358.50,"6,094.50"
2026-05-15,812,2026051505010285,NRM,51,42,312,359.00,"112,008.00"
2026-05-15,813,2026051505010284,NRM,51,7,150,358.90,"53,835.00"
2026-05-15,814,2026051505010283,NRM,51,45,10,358.90,"3,589.00"
2026-05-15,815,2026051505010282,NRM,51,33,28,358.50,"10,038.00"
2026-05-15,816,2026051505010236,NRM,21,22,20,357.00,"7,140.00"
2026-05-15,817,2026051505010235,NRM,95,22,100,357.10,"35,710.00"
2026-05-15,818,2026051505010413,NRM,37,26,132,359.00,"47,388.00"
2026-05-15,819,2026051505010403,NRM,37,49,100,359.00,"35,900.00"
2026-05-15,820,2026051505010402,NRM,37,45,20,359.00,"7,180.00"
2026-05-15,821,2026051505010401,NRM,37,42,238,359.00,"85,442.00"
2026-05-15,822,2026051505010400,NRM,37,41,10,358.90,"3,589.00"
2026-05-15,823,2026051505010331,NRM,56,42,70,359.00,"25,130.00"
2026-05-15,824,2026051505010500,NRM,42,56,40,356.40,"14,256.00"
2026-05-15,825,2026051505010499,NRM,45,56,30,357.00,"10,710.00"
2026-05-15,826,2026051505010498,NRM,95,56,100,357.00,"35,700.00"
2026-05-15,827,2026051505010497,NRM,58,56,225,357.00,"80,325.00"
2026-05-15,828,2026051505010496,NRM,57,56,13,357.00,"4,641.00"
2026-05-15,829,2026051505010491,NRM,47,42,30,357.10,"10,713.00"
2026-05-15,830,2026051505010524,NRM,19,56,100,356.10,"35,610.00"
2026-05-15,831,2026051505010523,NRM,47,56,100,356.10,"35,610.00"
2026-05-15,832,2026051505010522,NRM,39,56,200,356.20,"71,240.00"
2026-05-15,833,2026051505010521,NRM,45,56,25,356.30,"8,907.50"
2026-05-15,834,2026051505010502,NRM,45,56,175,356.30,"62,352.50"
2026-05-15,835,2026051505010501,NRM,38,56,112,356.40,"39,916.80"
2026-05-15,836,2026051505010518,NRN,41,6,20,"1,365.00","27,300.00"
2026-05-15,837,2026051505010161,NRN,34,25,10,"1,363.10","13,631.00"
2026-05-15,838,2026051505010127,NRN,38,25,10,"1,363.20","13,632.00"
2026-05-15,839,2026051505010363,NRN,41,43,100,"1,365.00","136,500.00"
2026-05-15,840,2026051505010362,NRN,41,4,15,"1,365.00","20,475.00"
2026-05-15,841,2026051505010361,NRN,41,19,219,"1,365.00","298,935.00"
2026-05-15,842,2026051505010360,NRN,41,26,100,"1,364.90","136,490.00"
2026-05-15,843,2026051505010422,NTC,49,36,10,892.00,"8,920.00"
2026-05-15,844,2026051505010398,NTC,58,51,33,891.90,"29,432.70"
2026-05-15,845,2026051505010397,NTC,58,42,10,891.90,"8,919.00"
2026-05-15,846,2026051505010376,NTC,58,42,10,891.90,"8,919.00"
2026-05-15,847,2026051505010287,NTC,38,53,10,890.50,"8,905.00"
2026-05-15,848,2026051505010223,NTC,14,42,10,891.90,"8,919.00"
2026-05-15,849,2026051505010378,PHCL,38,51,585,307.00,"179,595.00"
2026-05-15,850,2026051505010324,PHCL,52,57,55,306.70,"16,868.50"
2026-05-15,851,2026051505010312,PHCL,52,45,10,306.70,"3,067.00"
2026-05-15,852,2026051505010090,PHCL,85,25,10,306.70,"3,067.00"
2026-05-15,853,2026051505010520,PPL,19,18,40,349.00,"13,960.00"
2026-05-15,854,2026051505010315,PPL,19,42,60,349.00,"20,940.00"
2026-05-15,855,2026051505010314,PPL,49,42,10,349.00,"3,490.00"
2026-05-15,856,2026051505010313,PPL,49,42,50,349.00,"17,450.00"
2026-05-15,857,2026051505010261,PPL,38,18,20,349.90,"6,998.00"
2026-05-15,858,2026051505010197,RFPL,21,6,91,370.00,"33,670.00"
2026-05-15,859,2026051505010122,RFPL,21,42,100,370.00,"37,000.00"
2026-05-15,860,2026051505010195,RHGCL,43,45,10,292.70,"2,927.00"
2026-05-15,861,2026051505010357,RNLI,77,17,12,458.30,"5,499.60"
2026-05-15,862,2026051505010286,RNLI,77,58,12,458.30,"5,499.60"
2026-05-15,863,2026051505010102,RNLI,77,87,12,458.30,"5,499.60"
2026-05-15,864,2026051505010539,SAHAS,81,42,300,664.00,"199,200.00"
2026-05-15,865,2026051505010533,SAHAS,58,42,10,664.00,"6,640.00"
2026-05-15,866,2026051505010505,SAHAS,48,14,231,663.00,"153,153.00"
2026-05-15,867,2026051505010504,SAHAS,49,14,30,663.00,"19,890.00"
2026-05-15,868,2026051505010471,SAHAS,43,42,18,664.00,"11,952.00"
2026-05-15,869,2026051505010470,SAHAS,43,45,100,664.00,"66,400.00"
2026-05-15,870,2026051505010193,SAHAS,25,57,37,662.30,"24,505.10"
2026-05-15,871,2026051505010138,SAHAS,72,19,100,662.10,"66,210.00"
2026-05-15,872,2026051505010129,SAHAS,72,58,261,662.10,"172,808.10"
2026-05-15,873,2026051505010120,SAHAS,72,21,50,662.10,"33,105.00"
2026-05-15,874,2026051505010213,SAHAS,43,13,100,663.00,"66,300.00"
2026-05-15,875,2026051505010212,SAHAS,43,58,13,663.00,"8,619.00"
2026-05-15,876,2026051505010211,SAHAS,43,17,30,663.00,"19,890.00"
2026-05-15,877,2026051505010210,SAHAS,43,58,361,663.00,"239,343.00"
2026-05-15,878,2026051505010209,SAHAS,43,65,263,662.90,"174,342.70"
2026-05-15,879,2026051505010208,SAHAS,43,26,40,662.80,"26,512.00"
2026-05-15,880,2026051505010323,SAHAS,48,57,50,662.90,"33,145.00"
2026-05-15,881,2026051505010218,SAHAS,43,25,143,663.00,"94,809.00"
2026-05-15,882,2026051505010217,SAHAS,43,14,200,663.00,"132,600.00"
2026-05-15,883,2026051505010216,SAHAS,43,57,50,663.00,"33,150.00"
2026-05-15,884,2026051505010215,SAHAS,43,91,300,663.00,"198,900.00"
2026-05-15,885,2026051505010214,SAHAS,43,34,500,663.00,"331,500.00"
2026-05-15,886,2026051505010409,SAHAS,75,49,13,663.00,"8,619.00"
2026-05-15,887,2026051505010408,SAHAS,75,57,13,663.00,"8,619.00"
2026-05-15,888,2026051505010407,SAHAS,75,25,157,663.00,"104,091.00"
2026-05-15,889,2026051505010406,SAHAS,75,57,48,662.90,"31,819.20"
2026-05-15,890,2026051505010393,SAHAS,19,57,15,662.90,"9,943.50"
2026-05-15,891,2026051505010381,SAHAS,58,57,121,662.20,"80,126.20"
2026-05-15,892,2026051505010469,SAHAS,43,57,72,664.00,"47,808.00"
2026-05-15,893,2026051505010468,SAHAS,43,13,50,664.00,"33,200.00"
2026-05-15,894,2026051505010467,SAHAS,43,17,13,664.00,"8,632.00"
2026-05-15,895,2026051505010466,SAHAS,43,32,10,664.00,"6,640.00"
2026-05-15,896,2026051505010465,SAHAS,43,4,375,664.00,"249,000.00"
2026-05-15,897,2026051505010410,SAHAS,75,4,69,664.00,"45,816.00"
2026-05-15,898,2026051505010546,SANVI,42,19,90,673.00,"60,570.00"
2026-05-15,899,2026051505010545,SANVI,38,19,50,673.00,"33,650.00"
2026-05-15,900,2026051505010544,SANVI,52,19,70,673.00,"47,110.00"
2026-05-15,901,2026051505010543,SANVI,51,19,100,673.30,"67,330.00"
2026-05-15,902,2026051505010542,SANVI,58,19,20,675.50,"13,510.00"
2026-05-15,903,2026051505010541,SANVI,22,19,16,675.50,"10,808.00"
2026-05-15,904,2026051505010536,SANVI,22,58,10,675.50,"6,755.00"
2026-05-15,905,2026051505010119,SANVI,22,21,10,675.50,"6,755.00"
2026-05-15,906,2026051505010473,SFEF,6,34,"5,000",10.16,"50,800.00"
2026-05-15,907,2026051505010427,SGHC,57,13,50,366.00,"18,300.00"
2026-05-15,908,2026051505010550,SHIVM,6,16,250,674.00,"168,500.00"
2026-05-15,909,2026051505010549,SHIVM,6,43,100,674.00,"67,400.00"
2026-05-15,910,2026051505010503,SHIVM,46,34,10,673.60,"6,736.00"
2026-05-15,911,2026051505010453,SHIVM,74,45,100,674.00,"67,400.00"
2026-05-15,912,2026051505010411,SHIVM,44,29,500,673.20,"336,600.00"
2026-05-15,913,2026051505010386,SHIVM,44,26,"3,560",673.20,"2,396,592.00"
2026-05-15,914,2026051505010076,SHIVM,51,33,460,673.40,"309,764.00"
2026-05-15,915,2026051505010249,SHIVM,44,21,20,673.40,"13,468.00"
2026-05-15,916,2026051505010224,SHIVM,7,17,5,670.00,"3,350.00"
2026-05-15,917,2026051505010148,SHIVM,51,95,60,673.10,"40,386.00"
2026-05-15,918,2026051505010147,SHIVM,51,95,440,673.40,"296,296.00"
2026-05-15,919,2026051505010146,SHIVM,11,63,103,673.60,"69,380.80"
2026-05-15,920,2026051505010145,SHIVM,51,48,100,673.40,"67,340.00"
2026-05-15,921,2026051505010385,SHIVM,80,26,100,673.30,"67,330.00"
2026-05-15,922,2026051505010384,SHIVM,48,26,240,673.30,"161,592.00"
2026-05-15,923,2026051505010383,SHIVM,54,26,100,673.60,"67,360.00"
2026-05-15,924,2026051505010342,SHIVM,25,63,136,673.60,"91,609.60"
2026-05-15,925,2026051505010337,SHIVM,48,50,10,673.30,"6,733.00"
2026-05-15,926,2026051505010250,SHIVM,44,63,480,673.60,"323,328.00"
2026-05-15,927,2026051505010392,SLCF,89,16,450,10.09,"4,540.50"
2026-05-15,928,2026051505010311,SLCF,89,21,350,10.07,"3,524.50"
2026-05-15,929,2026051505010164,SLCF,89,49,100,10.00,"1,000.00"
2026-05-15,930,2026051505010163,SLCF,89,49,100,10.00,"1,000.00"
2026-05-15,931,2026051505010162,SLCF,89,58,100,10.00,"1,000.00"
2026-05-15,932,2026051505010510,SMATA,57,47,2,758.00,"1,516.00"
2026-05-15,933,2026051505010244,SMATA,19,53,18,763.00,"13,734.00"
2026-05-15,934,2026051505010452,SMH,11,42,90,572.00,"51,480.00"
2026-05-15,935,2026051505010198,SMH,11,45,100,572.00,"57,200.00"
2026-05-15,936,2026051505010137,SMH,11,90,268,572.00,"153,296.00"
2026-05-15,937,2026051505010136,SMH,57,90,100,573.00,"57,300.00"
2026-05-15,938,2026051505010135,SMH,38,90,42,573.00,"24,066.00"
2026-05-15,939,2026051505010134,SMH,58,90,20,573.20,"11,464.00"
2026-05-15,940,2026051505010133,SMH,35,90,70,573.50,"40,145.00"
2026-05-15,941,2026051505010515,SMHL,69,58,10,490.00,"4,900.00"
2026-05-15,942,2026051505010514,SMHL,45,58,100,490.10,"49,010.00"
2026-05-15,943,2026051505010207,SMHL,69,97,125,490.00,"61,250.00"
2026-05-15,944,2026051505010206,SMHL,48,97,50,490.00,"24,500.00"
2026-05-15,945,2026051505010205,SMHL,22,97,225,490.00,"110,250.00"
2026-05-15,946,2026051505010204,SMHL,97,97,100,490.00,"49,000.00"
2026-05-15,947,2026051505010203,SMHL,48,97,500,490.20,"245,100.00"
2026-05-15,948,2026051505010159,SMHL,97,87,11,490.30,"5,393.30"
2026-05-15,949,2026051505010143,SMHL,97,97,489,490.30,"239,756.70"
2026-05-15,950,2026051505010142,SMHL,46,97,31,490.40,"15,202.40"
2026-05-15,951,2026051505010141,SMHL,17,97,100,491.00,"49,100.00"
2026-05-15,952,2026051505010140,SMHL,42,97,40,492.20,"19,688.00"
2026-05-15,953,2026051505010551,SMJC,69,74,213,457.40,"97,426.20"
2026-05-15,954,2026051505010519,SMJC,69,38,300,457.00,"137,100.00"
2026-05-15,955,2026051505010517,SMJC,69,45,100,457.00,"45,700.00"
2026-05-15,956,2026051505010417,SMJC,69,58,10,457.00,"4,570.00"
2026-05-15,957,2026051505010374,SMJC,69,67,"1,000",457.00,"457,000.00"
2026-05-15,958,2026051505010310,SMJC,69,62,500,457.00,"228,500.00"
2026-05-15,959,2026051505010094,SMJC,69,57,175,457.00,"79,975.00"
2026-05-15,960,2026051505010093,SMJC,69,57,300,456.90,"137,070.00"
2026-05-15,961,2026051505010289,SMJC,69,101,80,457.00,"36,560.00"
2026-05-15,962,2026051505010187,SMJC,69,51,10,457.00,"4,570.00"
2026-05-15,963,2026051505010175,SMJC,69,101,200,457.00,"91,400.00"
2026-05-15,964,2026051505010144,SMJC,69,35,272,457.00,"124,304.00"
2026-05-15,965,2026051505010121,SMJC,69,45,200,457.00,"91,400.00"
2026-05-15,966,2026051505010095,SMJC,69,52,"1,000",457.00,"457,000.00"
2026-05-15,967,2026051505010474,SONA,56,58,10,439.20,"4,392.00"
2026-05-15,968,2026051505010399,SONA,56,52,200,439.20,"87,840.00"
2026-05-15,969,2026051505010321,SONA,56,51,10,439.20,"4,392.00"
2026-05-15,970,2026051505010309,SONA,56,26,570,439.20,"250,344.00"
2026-05-15,971,2026051505010308,SONA,56,26,230,439.20,"101,016.00"
2026-05-15,972,2026051505010288,SONA,56,95,700,439.20,"307,440.00"
2026-05-15,973,2026051505010255,SONA,56,6,10,439.20,"4,392.00"
2026-05-15,974,2026051505010431,SPL,29,6,78,704.00,"54,912.00"
2026-05-15,975,2026051505010430,SPL,25,6,12,704.00,"8,448.00"
2026-05-15,976,2026051505010429,SPL,49,6,50,704.10,"35,205.00"
2026-05-15,977,2026051505010256,SPL,42,61,20,709.00,"14,180.00"
2026-05-15,978,2026051505010320,STC,50,13,10,"5,975.00","59,750.00"
2026-05-15,979,2026051505010319,STC,50,21,50,"5,975.00","298,750.00"
2026-05-15,980,2026051505010318,STC,50,14,10,"5,974.00","59,740.00"
2026-05-15,981,2026051505010566,TAMOR,59,58,10,446.20,"4,462.00"
2026-05-15,982,2026051505010532,TAMOR,59,58,200,446.20,"89,240.00"
2026-05-15,983,2026051505010507,TAMOR,36,45,10,447.00,"4,470.00"
2026-05-15,984,2026051505010428,TAMOR,58,45,10,446.10,"4,461.00"
2026-05-15,985,2026051505010260,TAMOR,58,87,10,446.10,"4,461.00"
2026-05-15,986,2026051505010104,TAMOR,44,41,800,446.50,"357,200.00"
2026-05-15,987,2026051505010426,TPC,69,18,10,365.90,"3,659.00"
2026-05-15,988,2026051505010271,TPC,74,17,"1,251",363.40,"454,613.40"
2026-05-15,989,2026051505010270,TPC,38,17,100,363.40,"36,340.00"
2026-05-15,990,2026051505010152,TPC,69,18,10,365.90,"3,659.00"
2026-05-15,991,2026051505010113,TPC,91,17,922,363.50,"335,147.00"
2026-05-15,992,2026051505010107,TPC,69,18,10,365.90,"3,659.00"
2026-05-15,993,2026051505010382,TSHL,50,58,95,591.10,"56,154.50"
2026-05-15,994,2026051505010160,TVCL,74,57,20,515.00,"10,300.00"
2026-05-15,995,2026051505010188,ULHC,56,60,320,484.00,"154,880.00"
2026-05-15,996,2026051505010338,USHEC,58,87,10,487.30,"4,873.00"
2026-05-15,997,2026051505010092,USHEC,58,25,65,487.30,"31,674.50"
2026-05-15,998,2026051505010535,VLUCL,19,5,320,485.10,"155,232.00"
2026-05-15,999,2026051505010372,VLUCL,19,14,200,485.00,"97,000.00"
2026-05-15,1000,2026051505010307,VLUCL,19,17,70,484.90,"33,943.00"
2026-05-15,1001,2026051505010040,AHL,56,47,165,508.00,"83,820.00"
2026-05-15,1002,2026051505010009,AHL,89,47,15,508.00,"7,620.00"
2026-05-15,1003,2026051505009697,AHL,58,58,10,507.50,"5,075.00"
2026-05-15,1004,2026051505009597,AHL,58,58,10,507.50,"5,075.00"
2026-05-15,1005,2026051505009947,BBC,25,53,10,"4,830.00","48,300.00"
2026-05-15,1006,2026051505009879,BEDC,22,66,50,361.50,"18,075.00"
2026-05-15,1007,2026051505009867,BEDC,14,66,10,361.50,"3,615.00"
2026-05-15,1008,2026051505009676,BEDC,96,57,200,361.20,"72,240.00"
2026-05-15,1009,2026051505010022,BGWT,47,7,96,679.90,"65,270.40"
2026-05-15,1010,2026051505009661,BGWT,47,74,291,679.90,"197,850.90"
2026-05-15,1011,2026051505009599,BGWT,47,45,375,679.00,"254,625.00"
2026-05-15,1012,2026051505010030,BHDC,42,36,30,453.00,"13,590.00"
2026-05-15,1013,2026051505010029,BHDC,34,36,40,453.00,"18,120.00"
2026-05-15,1014,2026051505010028,BHDC,11,36,30,453.00,"13,590.00"
2026-05-15,1015,2026051505010020,BHDC,11,84,100,453.00,"45,300.00"
2026-05-15,1016,2026051505010019,BHDC,4,84,50,453.10,"22,655.00"
2026-05-15,1017,2026051505010018,BHDC,11,84,100,453.10,"45,310.00"
2026-05-15,1018,2026051505009904,BHDC,56,36,100,455.10,"45,510.00"
2026-05-15,1019,2026051505009946,BHDC,85,84,10,456.80,"4,568.00"
2026-05-15,1020,2026051505009909,BHDC,34,36,127,454.00,"57,658.00"
2026-05-15,1021,2026051505009908,BHDC,87,36,200,454.00,"90,800.00"
2026-05-15,1022,2026051505009907,BHDC,75,36,20,454.00,"9,080.00"
2026-05-15,1023,2026051505009906,BHDC,8,36,10,455.00,"4,550.00"
2026-05-15,1024,2026051505009905,BHDC,1,36,143,455.00,"65,065.00"
2026-05-15,1025,2026051505010017,BHDC,19,84,77,453.10,"34,888.70"
2026-05-15,1026,2026051505010016,BHDC,43,84,200,453.30,"90,660.00"
2026-05-15,1027,2026051505010015,BHDC,29,84,50,453.40,"22,670.00"
2026-05-15,1028,2026051505010014,BHDC,16,84,300,453.50,"136,050.00"
2026-05-15,1029,2026051505010013,BHDC,58,84,100,454.00,"45,400.00"
2026-05-15,1030,2026051505010012,BHDC,34,84,13,454.00,"5,902.00"
2026-05-15,1031,2026051505009902,BHL,42,17,204,222.50,"45,390.00"
2026-05-15,1032,2026051505009901,BHL,42,57,140,222.50,"31,150.00"
2026-05-15,1033,2026051505009900,BHL,42,58,111,222.50,"24,697.50"
2026-05-15,1034,2026051505009841,BHL,14,58,190,222.50,"42,275.00"
2026-05-15,1035,2026051505009840,BHL,14,47,10,222.50,"2,225.00"
2026-05-15,1036,2026051505009791,BHL,50,39,500,222.00,"111,000.00"
2026-05-15,1037,2026051505009619,BHL,4,50,50,221.50,"11,075.00"
2026-05-15,1038,2026051505009595,BHL,4,39,100,221.50,"22,150.00"
2026-05-15,1039,2026051505009738,BHL,39,39,100,221.60,"22,160.00"
2026-05-15,1040,2026051505009624,BHL,34,50,50,222.00,"11,100.00"
2026-05-15,1041,2026051505009623,BHL,34,38,300,222.00,"66,600.00"
2026-05-15,1042,2026051505009622,BHL,34,49,50,222.00,"11,100.00"
2026-05-15,1043,2026051505009621,BHL,34,58,64,222.00,"14,208.00"
2026-05-15,1044,2026051505009620,BHL,44,50,350,221.30,"77,455.00"
2026-05-15,1045,2026051505009955,BHPL,39,43,250,512.50,"128,125.00"
2026-05-15,1046,2026051505009954,BHPL,16,43,256,514.00,"131,584.00"
2026-05-15,1047,2026051505009953,BHPL,51,43,30,514.00,"15,420.00"
2026-05-15,1048,2026051505009952,BHPL,42,43,68,514.00,"34,952.00"
2026-05-15,1049,2026051505009951,BHPL,13,43,300,514.50,"154,350.00"
2026-05-15,1050,2026051505009950,BHPL,90,43,50,514.60,"25,730.00"
2026-05-15,1051,2026051505009949,BHPL,42,43,40,514.70,"20,588.00"
2026-05-15,1052,2026051505009795,BHPL,42,45,60,514.70,"30,882.00"
2026-05-15,1053,2026051505009794,BHPL,14,45,40,515.00,"20,600.00"
2026-05-15,1054,2026051505009643,BNHC,67,17,90,324.10,"29,169.00"
2026-05-15,1055,2026051505009996,CHDC,32,14,32,"2,257.00","72,224.00"
2026-05-15,1056,2026051505009995,CHDC,11,45,22,"2,260.00","49,720.00"
2026-05-15,1057,2026051505009639,CIT,47,59,11,"1,764.10","19,405.10"
2026-05-15,1058,2026051505009581,CIT,65,16,3,"1,774.00","5,322.00"
2026-05-15,1059,2026051505009793,CKHL,51,44,10,646.00,"6,460.00"
2026-05-15,1060,2026051505009701,CKHL,51,44,65,646.00,"41,990.00"
2026-05-15,1061,2026051505009628,CKHL,49,44,100,647.00,"64,700.00"
2026-05-15,1062,2026051505010045,CLI,17,58,13,453.30,"5,892.90"
2026-05-15,1063,2026051505010021,CLI,17,51,10,453.30,"4,533.00"
2026-05-15,1064,2026051505009925,CLI,17,57,13,453.30,"5,892.90"
2026-05-15,1065,2026051505009874,CLI,17,41,50,453.30,"22,665.00"
2026-05-15,1066,2026051505009716,CLI,69,34,101,453.20,"45,773.20"
2026-05-15,1067,2026051505009638,CLI,69,92,100,453.20,"45,320.00"
2026-05-15,1068,2026051505009637,CLI,34,57,10,453.40,"4,534.00"
2026-05-15,1069,2026051505009596,CLI,57,34,349,453.40,"158,236.60"
2026-05-15,1070,2026051505010039,DOLTI,45,87,10,346.00,"3,460.00"
2026-05-15,1071,2026051505010038,DOLTI,8,87,30,346.00,"10,380.00"
2026-05-15,1072,2026051505009998,DOLTI,8,25,10,346.00,"3,460.00"
2026-05-15,1073,2026051505009959,DOLTI,87,57,181,347.00,"62,807.00"
2026-05-15,1074,2026051505009705,DOLTI,62,56,10,347.00,"3,470.00"
2026-05-15,1075,2026051505009668,DOLTI,54,46,10,345.00,"3,450.00"
2026-05-15,1076,2026051505009634,DORDI,58,45,10,271.00,"2,710.00"
2026-05-15,1077,2026051505009633,DORDI,42,45,100,271.00,"27,100.00"
2026-05-15,1078,2026051505009632,DORDI,7,45,600,271.00,"162,600.00"
2026-05-15,1079,2026051505009631,DORDI,50,45,500,271.00,"135,500.00"
2026-05-15,1080,2026051505009630,DORDI,45,45,20,271.00,"5,420.00"
2026-05-15,1081,2026051505009629,DORDI,56,45,70,271.00,"18,970.00"
2026-05-15,1082,2026051505010064,EHPL,41,57,10,381.10,"3,811.00"
2026-05-15,1083,2026051505009880,EHPL,57,25,10,379.00,"3,790.00"
2026-05-15,1084,2026051505009865,EHPL,41,57,10,381.10,"3,811.00"
2026-05-15,1085,2026051505009801,EHPL,26,38,100,380.00,"38,000.00"
2026-05-15,1086,2026051505009875,ENL,74,4,10,890.00,"8,900.00"
2026-05-15,1087,2026051505009574,ENL,74,63,136,844.00,"114,784.00"
2026-05-15,1088,2026051505009573,ENL,74,63,200,845.00,"169,000.00"
2026-05-15,1089,2026051505010071,GCIL,52,39,12,413.60,"4,963.20"
2026-05-15,1090,2026051505010070,GCIL,41,39,488,413.60,"201,836.80"
2026-05-15,1091,2026051505009930,GCIL,41,18,12,413.60,"4,963.20"
2026-05-15,1092,2026051505009670,GCIL,41,42,564,415.00,"234,060.00"
2026-05-15,1093,2026051505009687,GCIL,41,29,861,414.10,"356,540.10"
2026-05-15,1094,2026051505009686,GCIL,40,29,16,414.20,"6,627.20"
2026-05-15,1095,2026051505009685,GCIL,35,29,10,414.30,"4,143.00"
2026-05-15,1096,2026051505009684,GCIL,49,29,10,414.30,"4,143.00"
2026-05-15,1097,2026051505009683,GCIL,20,29,70,414.50,"29,015.00"
2026-05-15,1098,2026051505009693,GCIL,58,29,10,414.00,"4,140.00"
2026-05-15,1099,2026051505009692,GCIL,34,29,10,414.00,"4,140.00"
2026-05-15,1100,2026051505009691,GCIL,58,29,12,414.00,"4,968.00"
2026-05-15,1101,2026051505009690,GCIL,57,29,300,414.00,"124,200.00"
2026-05-15,1102,2026051505009689,GCIL,48,29,100,414.00,"41,400.00"
2026-05-15,1103,2026051505009688,GCIL,42,29,23,414.00,"9,522.00"
2026-05-15,1104,2026051505009706,GCIL,41,29,178,414.00,"73,692.00"
2026-05-15,1105,2026051505009920,GCIL,32,58,10,416.00,"4,160.00"
2026-05-15,1106,2026051505009582,GVL,33,59,198,488.00,"96,624.00"
2026-05-15,1107,2026051505009626,HATHY,1,26,27,791.00,"21,357.00"
2026-05-15,1108,2026051505010072,HDL,13,14,14,"1,158.00","16,212.00"
2026-05-15,1109,2026051505009934,HDL,13,90,200,"1,158.00","231,600.00"
2026-05-15,1110,2026051505009594,HDL,45,47,28,"1,159.80","32,474.40"
2026-05-15,1111,2026051505009777,HDL,58,47,60,"1,159.80","69,588.00"
2026-05-15,1112,2026051505009837,HDL,21,90,20,"1,158.10","23,162.00"
2026-05-15,1113,2026051505009836,HDL,39,90,50,"1,158.50","57,925.00"
2026-05-15,1114,2026051505009835,HDL,42,90,80,"1,158.50","92,680.00"
2026-05-15,1115,2026051505009812,HDL,7,58,10,"1,159.00","11,590.00"
2026-05-15,1116,2026051505009811,HDL,42,58,20,"1,159.00","23,180.00"
2026-05-15,1117,2026051505009810,HDL,49,58,20,"1,159.00","23,180.00"
2026-05-15,1118,2026051505009898,HDL,21,6,15,"1,159.00","17,385.00"
2026-05-15,1119,2026051505009863,HDL,14,47,50,"1,159.80","57,990.00"
2026-05-15,1120,2026051505009859,HDL,13,46,286,"1,158.00","331,188.00"
2026-05-15,1121,2026051505009858,HDL,21,46,88,"1,159.00","101,992.00"
2026-05-15,1122,2026051505009838,HDL,47,90,50,"1,158.00","57,900.00"
2026-05-15,1123,2026051505009804,HHL,64,89,105,368.00,"38,640.00"
2026-05-15,1124,2026051505009644,HHL,64,87,10,368.00,"3,680.00"
2026-05-15,1125,2026051505010048,HIDCL,66,4,90,266.60,"23,994.00"
2026-05-15,1126,2026051505010047,HIDCL,21,57,507,266.50,"135,115.50"
2026-05-15,1127,2026051505010003,HIDCL,21,48,"1,000",266.50,"266,500.00"
2026-05-15,1128,2026051505009991,HIDCL,19,48,16,266.60,"4,265.60"
2026-05-15,1129,2026051505009936,HIDCL,19,58,14,266.60,"3,732.40"
2026-05-15,1130,2026051505009870,HIDCL,21,26,117,266.50,"31,180.50"
2026-05-15,1131,2026051505009809,HIDCL,21,16,490,266.50,"130,585.00"
2026-05-15,1132,2026051505009737,HIDCL,41,26,44,266.60,"11,730.40"
2026-05-15,1133,2026051505009736,HIDCL,7,26,39,266.60,"10,397.40"
2026-05-15,1134,2026051505009641,HIDCL,32,53,10,267.40,"2,674.00"
2026-05-15,1135,2026051505009589,HIDCL,40,26,10,266.70,"2,667.00"
2026-05-15,1136,2026051505010066,HRL,8,77,19,633.00,"12,027.00"
2026-05-15,1137,2026051505010065,HRL,8,51,21,633.00,"13,293.00"
2026-05-15,1138,2026051505010024,HRL,34,51,10,632.00,"6,320.00"
2026-05-15,1139,2026051505010005,HRL,16,51,50,632.00,"31,600.00"
2026-05-15,1140,2026051505009602,HRL,63,35,20,632.00,"12,640.00"
2026-05-15,1141,2026051505009580,HRL,90,57,10,631.30,"6,313.00"
2026-05-15,1142,2026051505009653,HRL,34,7,85,633.00,"53,805.00"
2026-05-15,1143,2026051505009640,HRL,25,26,6,647.50,"3,885.00"
2026-05-15,1144,2026051505009625,HRL,58,26,2,645.00,"1,290.00"
2026-05-15,1145,2026051505009604,HRL,34,22,15,632.10,"9,481.50"
2026-05-15,1146,2026051505009603,HRL,7,34,70,632.00,"44,240.00"
2026-05-15,1147,2026051505009679,HRL,7,42,100,632.00,"63,200.00"
2026-05-15,1148,2026051505009678,HRL,7,45,21,632.00,"13,272.00"
2026-05-15,1149,2026051505009656,HRL,57,7,50,632.00,"31,600.00"
2026-05-15,1150,2026051505009655,HRL,16,7,50,632.00,"31,600.00"
2026-05-15,1151,2026051505009654,HRL,1,7,13,632.10,"8,217.30"
2026-05-15,1152,2026051505009799,HRL,50,43,10,632.00,"6,320.00"
2026-05-15,1153,2026051505009798,HRL,22,43,10,632.10,"6,321.00"
2026-05-15,1154,2026051505009772,HRL,58,81,10,633.00,"6,330.00"
2026-05-15,1155,2026051505009749,HRL,48,81,15,633.00,"9,495.00"
2026-05-15,1156,2026051505009913,HRL,58,51,10,634.00,"6,340.00"
2026-05-15,1157,2026051505009912,HRL,58,51,25,634.00,"15,850.00"
2026-05-15,1158,2026051505009823,HRL,48,81,475,633.00,"300,675.00"
2026-05-15,1159,2026051505009973,HRL,35,72,315,632.00,"199,080.00"
2026-05-15,1160,2026051505009972,HRL,50,72,210,632.00,"132,720.00"
2026-05-15,1161,2026051505009971,HRL,42,72,25,632.10,"15,802.50"
2026-05-15,1162,2026051505009970,HRL,42,72,474,633.00,"300,042.00"
2026-05-15,1163,2026051505009931,HRL,42,45,50,632.10,"31,605.00"
2026-05-15,1164,2026051505009979,HRL,1,72,50,631.70,"31,585.00"
2026-05-15,1165,2026051505009978,HRL,1,72,10,631.70,"6,317.00"
2026-05-15,1166,2026051505009977,HRL,45,72,30,632.00,"18,960.00"
2026-05-15,1167,2026051505009976,HRL,63,72,50,632.00,"31,600.00"
2026-05-15,1168,2026051505009975,HRL,6,72,134,632.00,"84,688.00"
2026-05-15,1169,2026051505009974,HRL,56,72,15,632.00,"9,480.00"
2026-05-15,1170,2026051505009985,HRL,1,72,70,631.30,"44,191.00"
2026-05-15,1171,2026051505009984,HRL,90,72,80,631.30,"50,504.00"
2026-05-15,1172,2026051505009983,HRL,53,72,"1,435",631.40,"906,059.00"
2026-05-15,1173,2026051505009982,HRL,57,72,100,631.50,"63,150.00"
2026-05-15,1174,2026051505009981,HRL,63,72,50,631.50,"31,575.00"
2026-05-15,1175,2026051505009980,HRL,7,72,309,631.60,"195,164.40"
2026-05-15,1176,2026051505010002,HRL,39,51,40,632.00,"25,280.00"
2026-05-15,1177,2026051505009990,HRL,5,72,100,631.00,"63,100.00"
2026-05-15,1178,2026051505009989,HRL,57,72,300,631.00,"189,300.00"
2026-05-15,1179,2026051505009988,HRL,40,72,100,631.10,"63,110.00"
2026-05-15,1180,2026051505009987,HRL,43,72,100,631.20,"63,120.00"
2026-05-15,1181,2026051505009986,HRL,1,72,40,631.30,"25,252.00"
2026-05-15,1182,2026051505010033,IHL,86,58,500,402.00,"201,000.00"
2026-05-15,1183,2026051505009918,IHL,48,58,150,402.50,"60,375.00"
2026-05-15,1184,2026051505009584,IHL,65,58,70,403.00,"28,210.00"
2026-05-15,1185,2026051505010023,ILI,33,25,12,436.00,"5,232.00"
2026-05-15,1186,2026051505010010,ILI,33,38,50,436.00,"21,800.00"
2026-05-15,1187,2026051505010007,ILI,41,34,1,434.00,434.00
2026-05-15,1188,2026051505009857,ILI,33,87,12,436.00,"5,232.00"
2026-05-15,1189,2026051505009743,ILI,33,25,182,436.00,"79,352.00"
2026-05-15,1190,2026051505009614,ILI,33,51,12,436.00,"5,232.00"
2026-05-15,1191,2026051505009607,ILI,33,35,12,436.00,"5,232.00"
2026-05-15,1192,2026051505009606,ILI,33,45,12,435.60,"5,227.20"
2026-05-15,1193,2026051505009605,ILI,33,35,298,435.60,"129,808.80"
2026-05-15,1194,2026051505009613,ILI,33,39,20,436.00,"8,720.00"
2026-05-15,1195,2026051505009612,ILI,33,13,118,436.00,"51,448.00"
2026-05-15,1196,2026051505009611,ILI,33,57,10,436.00,"4,360.00"
2026-05-15,1197,2026051505009610,ILI,33,42,12,436.00,"5,232.00"
2026-05-15,1198,2026051505009609,ILI,33,54,12,436.00,"5,232.00"
2026-05-15,1199,2026051505009608,ILI,33,49,12,436.00,"5,232.00"
2026-05-15,1200,2026051505009700,MAKAR,42,49,224,496.50,"111,216.00"
2026-05-15,1201,2026051505009699,MAKAR,42,39,100,496.00,"49,600.00"
2026-05-15,1202,2026051505009698,MAKAR,42,26,176,495.00,"87,120.00"
2026-05-15,1203,2026051505009957,MBJC,40,25,10,281.30,"2,813.00"
2026-05-15,1204,2026051505010006,MCHL,3,34,50,309.30,"15,465.00"
2026-05-15,1205,2026051505009911,MCHL,3,25,10,309.30,"3,093.00"
2026-05-15,1206,2026051505009903,MCHL,34,39,200,310.00,"62,000.00"
2026-05-15,1207,2026051505009792,MCHL,19,42,20,312.00,"6,240.00"
2026-05-15,1208,2026051505009704,MCHL,57,62,100,310.00,"31,000.00"
2026-05-15,1209,2026051505009579,MCHL,57,58,100,310.00,"31,000.00"
2026-05-15,1210,2026051505010058,MEL,76,49,20,237.00,"4,740.00"
2026-05-15,1211,2026051505010057,MEL,76,74,30,237.00,"7,110.00"
2026-05-15,1212,2026051505009598,MEL,11,49,10,236.50,"2,365.00"
2026-05-15,1213,2026051505009588,MEL,6,74,10,237.00,"2,370.00"
2026-05-15,1214,2026051505009587,MEL,42,74,10,237.00,"2,370.00"
2026-05-15,1215,2026051505009586,MEL,49,74,30,237.00,"7,110.00"
2026-05-15,1216,2026051505009615,MEL,11,59,10,236.50,"2,365.00"
2026-05-15,1217,2026051505009667,MEL,42,74,10,237.00,"2,370.00"
2026-05-15,1218,2026051505009748,MEL,38,74,10,237.00,"2,370.00"
2026-05-15,1219,2026051505009747,MEL,38,46,15,236.90,"3,553.50"
2026-05-15,1220,2026051505009924,MEL,11,87,10,236.50,"2,365.00"
2026-05-15,1221,2026051505009876,MEL,11,43,10,236.50,"2,365.00"
2026-05-15,1222,2026051505009866,MEL,6,74,200,237.00,"47,400.00"
2026-05-15,1223,2026051505009969,MEL,65,74,200,237.00,"47,400.00"
2026-05-15,1224,2026051505009742,MHCL,49,58,474,348.40,"165,141.60"
2026-05-15,1225,2026051505009741,MHCL,1,58,80,348.50,"27,880.00"
2026-05-15,1226,2026051505009703,MHL,1,49,10,492.60,"4,926.00"
2026-05-15,1227,2026051505009807,MKHC,39,92,"1,000",316.10,"316,100.00"
2026-05-15,1228,2026051505009806,MKHC,92,92,100,316.20,"31,620.00"
2026-05-15,1229,2026051505009805,MKHC,48,92,200,316.30,"63,260.00"
2026-05-15,1230,2026051505009782,MKHC,45,43,10,319.80,"3,198.00"
2026-05-15,1231,2026051505009771,MKHC,48,92,300,316.30,"94,890.00"
2026-05-15,1232,2026051505009770,MKHC,43,92,200,316.40,"63,280.00"
2026-05-15,1233,2026051505009769,MKHC,58,92,20,316.40,"6,328.00"
2026-05-15,1234,2026051505009768,MKHC,88,92,290,316.50,"91,785.00"
2026-05-15,1235,2026051505009767,MKHC,95,92,180,316.60,"56,988.00"
2026-05-15,1236,2026051505009766,MKHC,4,92,10,316.70,"3,167.00"
2026-05-15,1237,2026051505010063,MKHL,6,11,200,511.00,"102,200.00"
2026-05-15,1238,2026051505010062,MKHL,6,11,200,511.10,"102,220.00"
2026-05-15,1239,2026051505010061,MKHL,6,11,180,511.30,"92,034.00"
2026-05-15,1240,2026051505010060,MKHL,91,11,10,512.10,"5,121.00"
2026-05-15,1241,2026051505010059,MKHL,34,11,17,512.20,"8,707.40"
2026-05-15,1242,2026051505010026,MKHL,34,11,133,512.20,"68,122.60"
2026-05-15,1243,2026051505009788,MKHL,64,11,115,516.50,"59,397.50"
2026-05-15,1244,2026051505009787,MKHL,19,11,10,518.00,"5,180.00"
2026-05-15,1245,2026051505009926,MKHL,6,11,100,514.30,"51,430.00"
2026-05-15,1246,2026051505009897,MKHL,6,11,100,515.00,"51,500.00"
2026-05-15,1247,2026051505009896,MKHL,42,11,22,515.00,"11,330.00"
2026-05-15,1248,2026051505009895,MKHL,8,11,115,515.10,"59,236.50"
2026-05-15,1249,2026051505009790,MKHL,8,11,175,515.10,"90,142.50"
2026-05-15,1250,2026051505009789,MKHL,58,11,200,515.20,"103,040.00"
2026-05-15,1251,2026051505009968,MKHL,42,11,100,513.10,"51,310.00"
2026-05-15,1252,2026051505009967,MKHL,58,11,10,513.20,"5,132.00"
2026-05-15,1253,2026051505009966,MKHL,92,11,300,513.50,"154,050.00"
2026-05-15,1254,2026051505009965,MKHL,58,11,10,513.70,"5,137.00"
2026-05-15,1255,2026051505009964,MKHL,6,11,100,513.80,"51,380.00"
2026-05-15,1256,2026051505009927,MKHL,22,11,10,514.00,"5,140.00"
2026-05-15,1257,2026051505009962,MMKJL,36,87,10,486.00,"4,860.00"
2026-05-15,1258,2026051505009627,NIBSF2,58,28,100,9.20,920.00
2026-05-15,1259,2026051505010042,NIFRA,58,17,14,262.40,"3,673.60"
2026-05-15,1260,2026051505010041,NIFRA,8,17,116,262.40,"30,438.40"
2026-05-15,1261,2026051505009914,NIFRA,58,58,10,262.50,"2,625.00"
2026-05-15,1262,2026051505009864,NIFRA,34,53,205,262.90,"53,894.50"
2026-05-15,1263,2026051505009800,NIFRA,58,74,54,262.50,"14,175.00"
2026-05-15,1264,2026051505009751,NIFRA,58,34,427,262.50,"112,087.50"
2026-05-15,1265,2026051505009750,NIFRA,39,34,83,262.50,"21,787.50"
2026-05-15,1266,2026051505009681,NIFRA,39,49,54,262.50,"14,175.00"
2026-05-15,1267,2026051505009636,NIFRA,39,10,54,262.50,"14,175.00"
2026-05-15,1268,2026051505010049,NRIC,38,38,110,889.00,"97,790.00"
2026-05-15,1269,2026051505009939,NRIC,38,19,300,889.00,"266,700.00"
2026-05-15,1270,2026051505009919,NRIC,36,34,100,892.90,"89,290.00"
2026-05-15,1271,2026051505009873,NRIC,59,74,15,890.00,"13,350.00"
2026-05-15,1272,2026051505009869,NRIC,59,52,242,890.00,"215,380.00"
2026-05-15,1273,2026051505009695,NRIC,32,50,3,870.00,"2,610.00"
2026-05-15,1274,2026051505009674,NRIC,38,10,53,889.00,"47,117.00"
2026-05-15,1275,2026051505009813,NRIC,59,57,10,890.00,"8,900.00"
2026-05-15,1276,2026051505009808,NRIC,59,4,31,890.00,"27,590.00"
2026-05-15,1277,2026051505009802,NRIC,38,57,10,889.00,"8,890.00"
2026-05-15,1278,2026051505009786,NRIC,14,4,22,890.00,"19,580.00"
2026-05-15,1279,2026051505009746,NRIC,75,41,25,890.00,"22,250.00"
2026-05-15,1280,2026051505010056,NRM,34,33,20,358.50,"7,170.00"
2026-05-15,1281,2026051505009817,NRM,58,36,10,356.80,"3,568.00"
2026-05-15,1282,2026051505009816,NRM,39,36,550,357.00,"196,350.00"
2026-05-15,1283,2026051505009815,NRM,47,36,230,357.20,"82,156.00"
2026-05-15,1284,2026051505009814,NRM,22,36,10,357.30,"3,573.00"
2026-05-15,1285,2026051505009797,NRM,42,33,135,358.00,"48,330.00"
2026-05-15,1286,2026051505009660,NRM,44,52,100,357.10,"35,710.00"
2026-05-15,1287,2026051505009659,NRM,6,52,80,357.10,"28,568.00"
2026-05-15,1288,2026051505009652,NRM,6,59,10,357.10,"3,571.00"
2026-05-15,1289,2026051505009635,NRM,6,46,10,357.10,"3,571.00"
2026-05-15,1290,2026051505009617,NRM,58,51,30,358.00,"10,740.00"
2026-05-15,1291,2026051505009717,NRM,47,10,10,357.20,"3,572.00"
2026-05-15,1292,2026051505009715,NRM,47,58,10,357.20,"3,572.00"
2026-05-15,1293,2026051505009682,NRM,39,14,300,357.00,"107,100.00"
2026-05-15,1294,2026051505009666,NRM,21,51,10,358.00,"3,580.00"
2026-05-15,1295,2026051505009665,NRM,21,51,20,358.00,"7,160.00"
2026-05-15,1296,2026051505009664,NRM,21,52,20,357.10,"7,142.00"
2026-05-15,1297,2026051505010008,NRN,26,36,10,"1,364.90","13,649.00"
2026-05-15,1298,2026051505009575,NRN,62,46,1,"1,365.00","1,365.00"
2026-05-15,1299,2026051505009675,NRN,56,19,16,"1,365.00","21,840.00"
2026-05-15,1300,2026051505009776,NRN,34,36,10,"1,363.10","13,631.00"
2026-05-15,1301,2026051505009775,NRN,34,36,260,"1,363.10","354,406.00"
2026-05-15,1302,2026051505009735,NRN,34,39,90,"1,363.10","122,679.00"
2026-05-15,1303,2026051505009734,NRN,19,39,10,"1,363.20","13,632.00"
2026-05-15,1304,2026051505009992,NTC,32,36,10,892.00,"8,920.00"
2026-05-15,1305,2026051505009956,NTC,33,34,10,890.00,"8,900.00"
2026-05-15,1306,2026051505009922,NTC,57,58,1,891.00,891.00
2026-05-15,1307,2026051505009921,NTC,49,58,55,891.00,"49,005.00"
2026-05-15,1308,2026051505009702,NTC,32,36,10,892.00,"8,920.00"
2026-05-15,1309,2026051505009680,NTC,49,48,10,890.00,"8,900.00"
2026-05-15,1310,2026051505009669,NTC,49,34,20,890.00,"17,800.00"
2026-05-15,1311,2026051505009642,NTC,52,34,20,890.00,"17,800.00"
2026-05-15,1312,2026051505009585,NTC,54,58,3,890.00,"2,670.00"
2026-05-15,1313,2026051505009856,NYADI,58,90,95,384.00,"36,480.00"
2026-05-15,1314,2026051505009855,NYADI,29,90,180,384.00,"69,120.00"
2026-05-15,1315,2026051505009854,NYADI,17,90,150,384.10,"57,615.00"
2026-05-15,1316,2026051505009853,NYADI,13,90,100,384.20,"38,420.00"
2026-05-15,1317,2026051505009852,NYADI,54,90,200,384.30,"76,860.00"
2026-05-15,1318,2026051505009851,NYADI,32,90,30,384.40,"11,532.00"
2026-05-15,1319,2026051505009844,NYADI,64,90,180,385.00,"69,300.00"
2026-05-15,1320,2026051505009843,NYADI,44,90,100,385.10,"38,510.00"
2026-05-15,1321,2026051505009850,NYADI,32,90,30,384.50,"11,535.00"
2026-05-15,1322,2026051505009849,NYADI,77,90,200,385.00,"77,000.00"
2026-05-15,1323,2026051505009848,NYADI,34,90,100,385.00,"38,500.00"
2026-05-15,1324,2026051505009847,NYADI,58,90,50,385.00,"19,250.00"
2026-05-15,1325,2026051505009846,NYADI,32,90,20,385.00,"7,700.00"
2026-05-15,1326,2026051505009845,NYADI,11,90,30,385.00,"11,550.00"
2026-05-15,1327,2026051505009963,PHCL,85,58,135,306.70,"41,404.50"
2026-05-15,1328,2026051505009784,PHCL,85,52,20,307.00,"6,140.00"
2026-05-15,1329,2026051505009783,PHCL,85,52,155,306.90,"47,569.50"
2026-05-15,1330,2026051505009583,PHCL,85,45,10,306.50,"3,065.00"
2026-05-15,1331,2026051505010034,PPL,57,4,145,350.00,"50,750.00"
2026-05-15,1332,2026051505009945,RAWA,45,36,10,588.00,"5,880.00"
2026-05-15,1333,2026051505010032,RFPL,21,67,279,370.00,"103,230.00"
2026-05-15,1334,2026051505010031,RFPL,21,45,130,370.00,"48,100.00"
2026-05-15,1335,2026051505010027,RFPL,84,6,260,368.80,"95,888.00"
2026-05-15,1336,2026051505009755,RFPL,84,45,870,370.00,"321,900.00"
2026-05-15,1337,2026051505009754,RFPL,84,45,100,370.00,"37,000.00"
2026-05-15,1338,2026051505009753,RFPL,84,26,20,370.00,"7,400.00"
2026-05-15,1339,2026051505009752,RFPL,84,35,10,370.00,"3,700.00"
2026-05-15,1340,2026051505009917,RHGCL,6,38,100,291.00,"29,100.00"
2026-05-15,1341,2026051505009916,RHGCL,8,38,100,291.00,"29,100.00"
2026-05-15,1342,2026051505009915,RHGCL,48,38,745,291.00,"216,795.00"
2026-05-15,1343,2026051505009888,RHGCL,48,38,"2,255",291.00,"656,205.00"
2026-05-15,1344,2026051505009887,RHGCL,34,38,100,291.00,"29,100.00"
2026-05-15,1345,2026051505009886,RHGCL,22,38,92,291.00,"26,772.00"
2026-05-15,1346,2026051505009647,RHGCL,59,42,340,291.20,"99,008.00"
2026-05-15,1347,2026051505009646,RHGCL,49,42,13,291.30,"3,786.90"
2026-05-15,1348,2026051505009645,RHGCL,45,42,100,291.50,"29,150.00"
2026-05-15,1349,2026051505009821,RHGCL,91,42,500,291.10,"145,550.00"
2026-05-15,1350,2026051505009820,RHGCL,86,42,500,291.10,"145,550.00"
2026-05-15,1351,2026051505009819,RHGCL,49,42,33,291.30,"9,612.90"
2026-05-15,1352,2026051505009818,RHGCL,57,42,20,291.40,"5,828.00"
2026-05-15,1353,2026051505009658,RHGCL,49,42,47,291.20,"13,686.40"
2026-05-15,1354,2026051505009648,RHGCL,51,42,"1,000",291.20,"291,200.00"
2026-05-15,1355,2026051505009885,RHGCL,58,38,500,291.00,"145,500.00"
2026-05-15,1356,2026051505009884,RHGCL,99,38,500,291.00,"145,500.00"
2026-05-15,1357,2026051505009883,RHGCL,35,38,150,291.00,"43,650.00"
2026-05-15,1358,2026051505009882,RHGCL,35,38,350,291.00,"101,850.00"
2026-05-15,1359,2026051505009881,RHGCL,70,38,53,291.10,"15,428.30"
2026-05-15,1360,2026051505009822,RHGCL,70,42,447,291.10,"130,121.70"
2026-05-15,1361,2026051505010067,RNLI,52,25,12,458.40,"5,500.80"
2026-05-15,1362,2026051505010043,RNLI,7,25,12,458.50,"5,502.00"
2026-05-15,1363,2026051505009944,RNLI,86,43,49,461.80,"22,628.20"
2026-05-15,1364,2026051505009943,RNLI,86,58,12,461.00,"5,532.00"
2026-05-15,1365,2026051505009942,RNLI,86,45,104,461.00,"47,944.00"
2026-05-15,1366,2026051505009941,RNLI,86,43,60,460.90,"27,654.00"
2026-05-15,1367,2026051505009940,RNLI,86,21,12,460.00,"5,520.00"
2026-05-15,1368,2026051505009745,RNLI,7,25,12,458.50,"5,502.00"
2026-05-15,1369,2026051505009997,SAHAS,62,41,95,662.20,"62,909.00"
2026-05-15,1370,2026051505009958,SAHAS,4,26,60,662.80,"39,768.00"
2026-05-15,1371,2026051505009899,SAHAS,72,22,90,662.10,"59,589.00"
2026-05-15,1372,2026051505009878,SAHAS,72,43,680,662.10,"450,228.00"
2026-05-15,1373,2026051505009877,SAHAS,42,43,120,662.20,"79,464.00"
2026-05-15,1374,2026051505009862,SAHAS,42,64,380,662.20,"251,636.00"
2026-05-15,1375,2026051505009708,SAHAS,42,18,35,662.20,"23,177.00"
2026-05-15,1376,2026051505009707,SAHAS,42,18,465,662.30,"307,969.50"
2026-05-15,1377,2026051505009663,SAHAS,42,41,170,662.30,"112,591.00"
2026-05-15,1378,2026051505009662,SAHAS,58,41,30,662.60,"19,878.00"
2026-05-15,1379,2026051505009650,SAHAS,25,65,87,662.90,"57,672.30"
2026-05-15,1380,2026051505009649,SAHAS,25,6,113,662.90,"74,907.70"
2026-05-15,1381,2026051505009861,SAHAS,42,64,95,662.20,"62,909.00"
2026-05-15,1382,2026051505009860,SAHAS,57,64,25,662.50,"16,562.50"
2026-05-15,1383,2026051505009842,SAHAS,28,65,100,662.90,"66,290.00"
2026-05-15,1384,2026051505009785,SAHAS,42,13,200,662.20,"132,440.00"
2026-05-15,1385,2026051505009744,SAHAS,57,35,25,662.90,"16,572.50"
2026-05-15,1386,2026051505009714,SAHAS,42,83,270,662.20,"178,794.00"
2026-05-15,1387,2026051505010000,SANVI,22,65,20,675.50,"13,510.00"
2026-05-15,1388,2026051505010001,SBCF,58,16,200,9.75,"1,950.00"
2026-05-15,1389,2026051505009961,SGHC,41,95,10,366.90,"3,669.00"
2026-05-15,1390,2026051505009960,SGHC,41,58,10,366.00,"3,660.00"
2026-05-15,1391,2026051505009774,SGHC,41,95,10,366.90,"3,669.00"
2026-05-15,1392,2026051505009773,SGHC,41,51,10,364.00,"3,640.00"
2026-05-15,1393,2026051505009694,SGHC,58,59,10,363.10,"3,631.00"
2026-05-15,1394,2026051505010068,SHIVM,29,63,11,673.60,"7,409.60"
2026-05-15,1395,2026051505010036,SHIVM,38,63,50,673.60,"33,680.00"
2026-05-15,1396,2026051505010004,SHIVM,33,63,10,673.60,"6,736.00"
2026-05-15,1397,2026051505009994,SHIVM,52,35,17,673.50,"11,449.50"
2026-05-15,1398,2026051505009993,SHIVM,57,35,53,673.50,"35,695.50"
2026-05-15,1399,2026051505009933,SHIVM,57,33,247,673.50,"166,354.50"
2026-05-15,1400,2026051505009578,SHIVM,25,57,16,673.60,"10,777.60"
2026-05-15,1401,2026051505009577,SHIVM,94,57,100,673.60,"67,360.00"
2026-05-15,1402,2026051505009576,SHIVM,10,57,84,673.60,"56,582.40"
2026-05-15,1403,2026051505009677,SHIVM,44,58,12,673.50,"8,082.00"
2026-05-15,1404,2026051505009651,SHIVM,44,51,19,673.50,"12,796.50"
2026-05-15,1405,2026051505009593,SHIVM,44,49,366,673.50,"246,501.00"
2026-05-15,1406,2026051505009592,SHIVM,53,49,50,673.50,"33,675.00"
2026-05-15,1407,2026051505009591,SHIVM,51,49,50,673.60,"33,680.00"
2026-05-15,1408,2026051505009590,SHIVM,25,49,84,673.60,"56,582.40"
2026-05-15,1409,2026051505009932,SHIVM,44,33,53,673.50,"35,695.50"
2026-05-15,1410,2026051505009910,SHIVM,51,63,"2,000",673.60,"1,347,200.00"
2026-05-15,1411,2026051505009868,SHIVM,44,39,50,673.50,"33,675.00"
2026-05-15,1412,2026051505009839,SHIVM,41,63,100,673.60,"67,360.00"
2026-05-15,1413,2026051505009796,SHIVM,10,63,50,673.60,"33,680.00"
2026-05-15,1414,2026051505009696,SHIVM,45,63,50,673.60,"33,680.00"
2026-05-15,1415,2026051505010069,SIKLES,58,91,13,585.00,"7,605.00"
2026-05-15,1416,2026051505009657,SIKLES,54,17,20,583.00,"11,660.00"
2026-05-15,1417,2026051505009872,SLCF,89,16,700,9.99,"6,993.00"
2026-05-15,1418,2026051505009871,SLCF,89,48,"1,600",9.99,"15,984.00"
2026-05-15,1419,2026051505009709,SMATA,18,58,11,763.00,"8,393.00"
2026-05-15,1420,2026051505010025,SMH,35,10,10,573.50,"5,735.00"
2026-05-15,1421,2026051505009718,SMHL,58,44,40,494.00,"19,760.00"
2026-05-15,1422,2026051505009618,SMHL,50,44,14,494.00,"6,916.00"
2026-05-15,1423,2026051505010055,SMJC,69,57,400,456.00,"182,400.00"
2026-05-15,1424,2026051505010054,SMJC,69,58,10,455.00,"4,550.00"
2026-05-15,1425,2026051505010053,SMJC,69,35,200,455.00,"91,000.00"
2026-05-15,1426,2026051505010052,SMJC,69,58,10,455.00,"4,550.00"
2026-05-15,1427,2026051505010051,SMJC,69,41,10,455.00,"4,550.00"
2026-05-15,1428,2026051505010050,SMJC,69,52,10,455.00,"4,550.00"
2026-05-15,1429,2026051505009894,SMJC,74,90,21,452.10,"9,494.10"
2026-05-15,1430,2026051505009893,SMJC,42,90,290,452.10,"131,109.00"
2026-05-15,1431,2026051505009892,SMJC,74,90,100,452.20,"45,220.00"
2026-05-15,1432,2026051505009891,SMJC,101,90,130,452.20,"58,786.00"
2026-05-15,1433,2026051505009890,SMJC,38,90,30,453.00,"13,590.00"
2026-05-15,1434,2026051505009889,SMJC,64,90,529,453.10,"239,689.90"
2026-05-15,1435,2026051505010011,SONA,56,45,10,439.20,"4,392.00"
2026-05-15,1436,2026051505009999,SONA,56,48,10,439.20,"4,392.00"
2026-05-15,1437,2026051505009740,SONA,42,45,130,440.00,"57,200.00"
2026-05-15,1438,2026051505009739,SONA,42,17,10,439.90,"4,399.00"
2026-05-15,1439,2026051505009601,SONA,56,16,40,439.20,"17,568.00"
2026-05-15,1440,2026051505009600,SONA,56,16,50,439.20,"21,960.00"
2026-05-15,1441,2026051505009781,SPC,58,48,250,450.10,"112,525.00"
2026-05-15,1442,2026051505009780,SPC,70,48,100,450.20,"45,020.00"
2026-05-15,1443,2026051505009779,SPC,10,48,150,451.10,"67,665.00"
2026-05-15,1444,2026051505009778,SPC,63,48,500,451.20,"225,600.00"
2026-05-15,1445,2026051505010046,SPL,17,51,290,704.60,"204,334.00"
2026-05-15,1446,2026051505010044,TAMOR,66,41,100,446.50,"44,650.00"
2026-05-15,1447,2026051505009935,TAMOR,45,32,200,446.90,"89,380.00"
2026-05-15,1448,2026051505009765,TPC,91,63,78,363.50,"28,353.00"
2026-05-15,1449,2026051505009764,TPC,14,63,111,363.70,"40,370.70"
2026-05-15,1450,2026051505009763,TPC,17,63,10,363.80,"3,638.00"
2026-05-15,1451,2026051505009762,TPC,11,63,30,364.00,"10,920.00"
2026-05-15,1452,2026051505009761,TPC,76,63,50,364.00,"18,200.00"
2026-05-15,1453,2026051505009760,TPC,39,63,30,364.00,"10,920.00"
2026-05-15,1454,2026051505009759,TPC,49,63,310,364.10,"112,871.00"
2026-05-15,1455,2026051505009758,TPC,10,63,190,364.10,"69,179.00"
2026-05-15,1456,2026051505009757,TPC,14,63,111,364.30,"40,437.30"
2026-05-15,1457,2026051505009756,TPC,47,63,"2,120",365.00,"773,800.00"
2026-05-15,1458,2026051505010037,TSHL,45,58,10,591.20,"5,912.00"
2026-05-15,1459,2026051505009948,TSHL,45,48,40,591.20,"23,648.00"
2026-05-15,1460,2026051505009803,TSHL,57,58,40,591.30,"23,652.00"
2026-05-15,1461,2026051505010035,TVCL,74,34,20,515.00,"10,300.00"
2026-05-15,1462,2026051505009929,ULHC,58,60,"1,250",483.00,"603,750.00"
2026-05-15,1463,2026051505009928,ULHC,58,60,50,484.00,"24,200.00"
2026-05-15,1464,2026051505009834,ULHC,58,28,294,483.00,"142,002.00"
2026-05-15,1465,2026051505009833,ULHC,16,28,350,483.10,"169,085.00"
2026-05-15,1466,2026051505009832,ULHC,11,28,300,483.30,"144,990.00"
2026-05-15,1467,2026051505009831,ULHC,44,28,56,483.40,"27,070.40"
2026-05-15,1468,2026051505009721,ULHC,44,56,100,486.00,"48,600.00"
2026-05-15,1469,2026051505009720,ULHC,62,56,50,486.10,"24,305.00"
2026-05-15,1470,2026051505009719,ULHC,41,56,70,488.00,"34,160.00"
2026-05-15,1471,2026051505009727,ULHC,58,56,50,485.00,"24,250.00"
2026-05-15,1472,2026051505009726,ULHC,53,56,50,485.00,"24,250.00"
2026-05-15,1473,2026051505009725,ULHC,50,56,422,485.00,"204,670.00"
2026-05-15,1474,2026051505009724,ULHC,49,56,500,485.10,"242,550.00"
2026-05-15,1475,2026051505009723,ULHC,39,56,50,485.60,"24,280.00"
2026-05-15,1476,2026051505009722,ULHC,42,56,30,485.70,"14,571.00"
2026-05-15,1477,2026051505009733,ULHC,44,56,326,483.40,"157,588.40"
2026-05-15,1478,2026051505009732,ULHC,41,56,100,484.00,"48,400.00"
2026-05-15,1479,2026051505009731,ULHC,3,56,62,485.00,"30,070.00"
2026-05-15,1480,2026051505009730,ULHC,32,56,150,485.00,"72,750.00"
2026-05-15,1481,2026051505009729,ULHC,57,56,"1,000",485.00,"485,000.00"
2026-05-15,1482,2026051505009728,ULHC,58,56,20,485.00,"9,700.00"
2026-05-15,1483,2026051505009830,USHEC,92,74,130,487.20,"63,336.00"
2026-05-15,1484,2026051505009712,USHEC,65,25,40,488.80,"19,552.00"
2026-05-15,1485,2026051505009711,USHEC,65,25,50,488.90,"24,445.00"
2026-05-15,1486,2026051505009710,USHEC,58,25,75,489.00,"36,675.00"
2026-05-15,1487,2026051505009713,USHEC,41,25,100,488.70,"48,870.00"
2026-05-15,1488,2026051505009829,USHEC,3,74,20,487.30,"9,746.00"
2026-05-15,1489,2026051505009828,USHEC,11,74,20,488.00,"9,760.00"
2026-05-15,1490,2026051505009827,USHEC,13,74,50,488.00,"24,400.00"
2026-05-15,1491,2026051505009826,USHEC,35,74,100,488.00,"48,800.00"
2026-05-15,1492,2026051505009825,USHEC,65,74,100,488.30,"48,830.00"
2026-05-15,1493,2026051505009824,USHEC,58,74,80,488.40,"39,072.00"
2026-05-15,1494,2026051505009938,VLUCL,19,14,10,482.90,"4,829.00"
2026-05-15,1495,2026051505009937,VLUCL,19,58,150,482.90,"72,435.00"
2026-05-15,1496,2026051505009923,VLUCL,19,36,10,482.00,"4,820.00"
2026-05-15,1497,2026051505009673,VLUCL,19,57,10,482.80,"4,828.00"
2026-05-15,1498,2026051505009672,VLUCL,19,42,10,482.80,"4,828.00"
2026-05-15,1499,2026051505009671,VLUCL,19,6,20,482.80,"9,656.00"
2026-05-15,1500,2026051505009616,VLUCL,19,21,10,482.20,"4,822.00"
2026-05-15,1501,2026051505009423,BEDC,58,66,28,361.50,"10,122.00"
2026-05-15,1502,2026051505009339,BEDC,65,51,10,361.00,"3,610.00"
2026-05-15,1503,2026051505009217,BEDC,65,58,90,361.00,"32,490.00"
2026-05-15,1504,2026051505009163,BEDC,57,66,20,361.50,"7,230.00"
2026-05-15,1505,2026051505009162,BEDC,48,66,223,361.50,"80,614.50"
2026-05-15,1506,2026051505009121,BEDC,39,58,300,361.60,"108,480.00"
2026-05-15,1507,2026051505009530,BGWT,47,58,40,679.00,"27,160.00"
2026-05-15,1508,2026051505009529,BGWT,47,13,50,679.00,"33,950.00"
2026-05-15,1509,2026051505009528,BGWT,47,74,10,679.00,"6,790.00"
2026-05-15,1510,2026051505009442,BGWT,47,74,10,679.00,"6,790.00"
2026-05-15,1511,2026051505009441,BGWT,47,6,150,678.00,"101,700.00"
2026-05-15,1512,2026051505009161,BHDC,1,42,71,455.00,"32,305.00"
2026-05-15,1513,2026051505009537,BHL,46,58,36,222.00,"7,992.00"
2026-05-15,1514,2026051505009536,BHL,46,58,72,222.00,"15,984.00"
2026-05-15,1515,2026051505009535,BHL,46,45,57,222.00,"12,654.00"
2026-05-15,1516,2026051505009501,BHL,7,45,43,222.00,"9,546.00"
2026-05-15,1517,2026051505009500,BHL,7,34,500,222.00,"111,000.00"
2026-05-15,1518,2026051505009499,BHL,7,72,257,222.00,"57,054.00"
2026-05-15,1519,2026051505009252,BHL,42,34,65,221.50,"14,397.50"
2026-05-15,1520,2026051505009251,BHL,42,51,30,221.40,"6,642.00"
2026-05-15,1521,2026051505009194,BHL,33,51,20,221.40,"4,428.00"
2026-05-15,1522,2026051505009147,BHL,1,45,151,221.10,"33,386.10"
2026-05-15,1523,2026051505009146,BHL,26,45,149,221.10,"32,943.90"
