date,sn,contract_no,stock_symbol,buyer,seller,quantity,rate,amount
2026-05-07,1,2026050705010295,AHL,56,58,10,510.00,"5,100.00"
2026-05-07,2,2026050705010048,AHL,56,58,10,510.00,"5,100.00"
2026-05-07,3,2026050705010344,BBC,32,44,10,"4,799.00","47,990.00"
2026-05-07,4,2026050705010194,BBC,32,44,10,"4,799.00","47,990.00"
2026-05-07,5,2026050705010193,BBC,32,87,60,"4,725.30","283,518.00"
2026-05-07,6,2026050705010109,BBC,59,87,10,"4,725.30","47,253.00"
2026-05-07,7,2026050705010108,BBC,32,87,10,"4,725.40","47,254.00"
2026-05-07,8,2026050705010286,BEDC,49,5,10,354.70,"3,547.00"
2026-05-07,9,2026050705010285,BEDC,99,32,287,352.20,"101,081.40"
2026-05-07,10,2026050705010284,BEDC,38,32,100,353.00,"35,300.00"
2026-05-07,11,2026050705009867,BEDC,17,47,200,354.60,"70,920.00"
2026-05-07,12,2026050705009866,BEDC,17,22,200,354.50,"70,900.00"
2026-05-07,13,2026050705009865,BEDC,17,59,40,354.00,"14,160.00"
2026-05-07,14,2026050705010031,BEDC,39,58,10,353.50,"3,535.00"
2026-05-07,15,2026050705009868,BEDC,17,5,60,354.70,"21,282.00"
2026-05-07,16,2026050705010170,BEDC,36,5,460,354.70,"163,162.00"
2026-05-07,17,2026050705010169,BEDC,36,47,100,354.60,"35,460.00"
2026-05-07,18,2026050705010283,BEDC,39,32,490,353.50,"173,215.00"
2026-05-07,19,2026050705010222,BEDC,54,6,100,353.60,"35,360.00"
2026-05-07,20,2026050705009985,BGWT,83,52,10,638.00,"6,380.00"
2026-05-07,21,2026050705010304,BHDC,50,7,50,459.90,"22,995.00"
2026-05-07,22,2026050705010267,BHDC,53,58,78,459.00,"35,802.00"
2026-05-07,23,2026050705010079,BHDC,53,22,100,459.00,"45,900.00"
2026-05-07,24,2026050705010078,BHDC,53,11,10,459.00,"4,590.00"
2026-05-07,25,2026050705010002,BHDC,50,42,11,458.00,"5,038.00"
2026-05-07,26,2026050705010001,BHDC,50,63,38,458.00,"17,404.00"
2026-05-07,27,2026050705009914,BHDC,62,26,500,457.90,"228,950.00"
2026-05-07,28,2026050705010343,BHL,35,39,411,216.50,"88,981.50"
2026-05-07,29,2026050705010342,BHL,25,39,34,216.50,"7,361.00"
2026-05-07,30,2026050705010341,BHL,3,39,555,216.70,"120,268.50"
2026-05-07,31,2026050705010324,BHL,3,33,445,216.70,"96,431.50"
2026-05-07,32,2026050705010270,BHL,49,33,100,216.70,"21,670.00"
2026-05-07,33,2026050705010261,BHL,25,33,10,216.50,"2,165.00"
2026-05-07,34,2026050705009889,BHL,45,57,27,216.70,"5,850.90"
2026-05-07,35,2026050705009885,BHL,46,41,120,216.90,"26,028.00"
2026-05-07,36,2026050705009879,BHL,42,41,153,216.90,"33,185.70"
2026-05-07,37,2026050705009859,BHL,26,59,100,217.00,"21,700.00"
2026-05-07,38,2026050705009978,BHL,54,41,100,216.90,"21,690.00"
2026-05-07,39,2026050705009961,BHL,51,7,100,216.80,"21,680.00"
2026-05-07,40,2026050705009950,BHL,51,48,200,216.80,"43,360.00"
2026-05-07,41,2026050705009930,BHL,51,47,200,216.80,"43,360.00"
2026-05-07,42,2026050705009918,BHL,51,53,25,216.80,"5,420.00"
2026-05-07,43,2026050705009911,BHL,36,41,50,216.90,"10,845.00"
2026-05-07,44,2026050705010040,BHL,49,33,200,216.80,"43,360.00"
2026-05-07,45,2026050705010039,BHL,51,33,645,216.80,"139,836.00"
2026-05-07,46,2026050705010027,BHL,51,52,500,216.80,"108,400.00"
2026-05-07,47,2026050705009986,BHL,51,38,20,216.80,"4,336.00"
2026-05-07,48,2026050705009984,BHL,25,33,150,216.90,"32,535.00"
2026-05-07,49,2026050705009983,BHL,25,41,77,216.90,"16,701.30"
2026-05-07,50,2026050705010147,BHL,45,45,118,216.70,"25,570.60"
2026-05-07,51,2026050705010134,BHL,41,33,85,216.80,"18,428.00"
2026-05-07,52,2026050705010133,BHL,41,5,500,216.80,"108,400.00"
2026-05-07,53,2026050705010132,BHL,41,33,255,216.80,"55,284.00"
2026-05-07,54,2026050705010099,BHL,45,89,200,216.70,"43,340.00"
2026-05-07,55,2026050705010085,BHL,58,33,100,216.80,"21,680.00"
2026-05-07,56,2026050705010191,BHL,25,59,306,216.50,"66,249.00"
2026-05-07,57,2026050705010190,BHL,62,59,30,216.70,"6,501.00"
2026-05-07,58,2026050705010189,BHL,58,59,333,216.70,"72,161.10"
2026-05-07,59,2026050705010150,BHL,58,45,167,216.70,"36,188.90"
2026-05-07,60,2026050705010149,BHL,34,45,200,216.70,"43,340.00"
2026-05-07,61,2026050705010148,BHL,49,45,15,216.70,"3,250.50"
2026-05-07,62,2026050705010254,BHPL,42,14,10,517.00,"5,170.00"
2026-05-07,63,2026050705010253,BHPL,42,22,20,516.70,"10,334.00"
2026-05-07,64,2026050705010252,BHPL,42,11,20,516.00,"10,320.00"
2026-05-07,65,2026050705010076,BHPL,54,32,40,513.30,"20,532.00"
2026-05-07,66,2026050705010075,BHPL,39,32,110,513.40,"56,474.00"
2026-05-07,67,2026050705010081,BNHC,58,36,60,317.00,"19,020.00"
2026-05-07,68,2026050705010146,CIT,32,47,10,"1,760.00","17,600.00"
2026-05-07,69,2026050705009927,CIT,39,19,12,"1,757.00","21,084.00"
2026-05-07,70,2026050705009926,CIT,39,42,40,"1,757.00","70,280.00"
2026-05-07,71,2026050705009880,CIT,35,42,10,"1,757.00","17,570.00"
2026-05-07,72,2026050705009860,CIT,45,45,20,"1,756.00","35,120.00"
2026-05-07,73,2026050705010323,CKHL,62,17,10,683.00,"6,830.00"
2026-05-07,74,2026050705009909,CKHL,34,37,50,674.00,"33,700.00"
2026-05-07,75,2026050705009906,CKHL,7,47,40,675.00,"27,000.00"
2026-05-07,76,2026050705009905,CKHL,6,47,10,675.10,"6,751.00"
2026-05-07,77,2026050705009857,CKHL,6,37,10,676.00,"6,760.00"
2026-05-07,78,2026050705010248,CLI,57,58,41,452.00,"18,532.00"
2026-05-07,79,2026050705009850,CLI,58,83,24,454.00,"10,896.00"
2026-05-07,80,2026050705009849,CLI,58,47,13,454.00,"5,902.00"
2026-05-07,81,2026050705009848,CLI,58,8,13,453.90,"5,900.70"
2026-05-07,82,2026050705010292,DOLTI,35,34,10,336.90,"3,369.00"
2026-05-07,83,2026050705009977,DOLTI,13,32,150,335.00,"50,250.00"
2026-05-07,84,2026050705009976,DOLTI,13,6,50,335.00,"16,750.00"
2026-05-07,85,2026050705009912,DOLTI,58,36,250,335.00,"83,750.00"
2026-05-07,86,2026050705009892,DOLTI,49,36,50,335.00,"16,750.00"
2026-05-07,87,2026050705010297,DORDI,65,32,20,266.50,"5,330.00"
2026-05-07,88,2026050705010289,DORDI,58,32,373,266.50,"99,404.50"
2026-05-07,89,2026050705010288,DORDI,18,32,26,266.50,"6,929.00"
2026-05-07,90,2026050705010224,DORDI,25,80,50,266.60,"13,330.00"
2026-05-07,91,2026050705010059,DORDI,59,80,20,267.10,"5,342.00"
2026-05-07,92,2026050705009894,DORDI,28,85,300,268.00,"80,400.00"
2026-05-07,93,2026050705010181,DORDI,35,32,26,266.50,"6,929.00"
2026-05-07,94,2026050705010064,DORDI,57,80,100,266.60,"26,660.00"
2026-05-07,95,2026050705010063,DORDI,46,80,100,266.60,"26,660.00"
2026-05-07,96,2026050705010062,DORDI,90,80,500,266.70,"133,350.00"
2026-05-07,97,2026050705010061,DORDI,58,80,20,267.00,"5,340.00"
2026-05-07,98,2026050705010060,DORDI,42,80,208,267.00,"55,536.00"
2026-05-07,99,2026050705010182,DORDI,18,32,474,266.50,"126,321.00"
2026-05-07,100,2026050705010329,EHPL,58,49,53,384.00,"20,352.00"
2026-05-07,101,2026050705010281,EHPL,58,49,10,384.00,"3,840.00"
2026-05-07,102,2026050705010220,EHPL,34,34,25,383.50,"9,587.50"
2026-05-07,103,2026050705010171,EHPL,19,34,125,381.00,"47,625.00"
2026-05-07,104,2026050705010135,EHPL,16,34,14,383.50,"5,369.00"
2026-05-07,105,2026050705010013,EHPL,41,57,10,383.50,"3,835.00"
2026-05-07,106,2026050705010294,ENL,60,17,10,889.00,"8,890.00"
2026-05-07,107,2026050705010277,GCIL,28,38,29,414.00,"12,006.00"
2026-05-07,108,2026050705010276,GCIL,28,18,311,414.00,"128,754.00"
2026-05-07,109,2026050705010275,GCIL,28,42,36,413.80,"14,896.80"
2026-05-07,110,2026050705010274,GCIL,28,16,74,413.50,"30,599.00"
2026-05-07,111,2026050705009931,GCIL,29,34,12,413.10,"4,957.20"
2026-05-07,112,2026050705009846,GCIL,8,16,15,413.90,"6,208.50"
2026-05-07,113,2026050705010103,GCIL,34,57,10,413.80,"4,138.00"
2026-05-07,114,2026050705010236,GCIL,32,42,154,413.80,"63,725.20"
2026-05-07,115,2026050705010235,GCIL,32,57,90,413.80,"37,242.00"
2026-05-07,116,2026050705010100,GVL,49,42,500,486.10,"243,050.00"
2026-05-07,117,2026050705009982,GVL,60,57,227,487.00,"110,549.00"
2026-05-07,118,2026050705010278,HATHY,6,48,10,806.00,"8,060.00"
2026-05-07,119,2026050705010232,HATHY,6,45,92,806.00,"74,152.00"
2026-05-07,120,2026050705010173,HATHY,78,48,23,806.30,"18,544.90"
2026-05-07,121,2026050705010172,HATHY,6,48,12,806.50,"9,678.00"
2026-05-07,122,2026050705010305,HDL,42,45,60,"1,149.80","68,988.00"
2026-05-07,123,2026050705009890,HDL,17,16,25,"1,150.00","28,750.00"
2026-05-07,124,2026050705009883,HDL,44,1,40,"1,150.00","46,000.00"
2026-05-07,125,2026050705009996,HDL,42,1,25,"1,150.00","28,750.00"
2026-05-07,126,2026050705009995,HDL,42,16,75,"1,150.00","86,250.00"
2026-05-07,127,2026050705010067,HDL,1,1,120,"1,150.00","138,000.00"
2026-05-07,128,2026050705010200,HDL,38,1,31,"1,150.00","35,650.00"
2026-05-07,129,2026050705010268,HDL,59,1,100,"1,150.00","115,000.00"
2026-05-07,130,2026050705010245,HDL,42,1,10,"1,150.00","11,500.00"
2026-05-07,131,2026050705010251,HHL,95,43,520,368.00,"191,360.00"
2026-05-07,132,2026050705010163,HHL,95,43,480,368.00,"176,640.00"
2026-05-07,133,2026050705010104,HHL,51,4,10,367.80,"3,678.00"
2026-05-07,134,2026050705010018,HHL,64,43,272,368.00,"100,096.00"
2026-05-07,135,2026050705010017,HHL,32,43,193,368.00,"71,024.00"
2026-05-07,136,2026050705009958,HHL,32,62,350,368.00,"128,800.00"
2026-05-07,137,2026050705010273,HIDCL,42,4,10,264.80,"2,648.00"
2026-05-07,138,2026050705010208,HIDCL,57,4,10,264.80,"2,648.00"
2026-05-07,139,2026050705010034,HIDCL,38,34,27,264.80,"7,149.60"
2026-05-07,140,2026050705010004,HIDCL,74,43,100,264.00,"26,400.00"
2026-05-07,141,2026050705009901,HIDCL,74,74,92,264.00,"24,288.00"
2026-05-07,142,2026050705009900,HIDCL,34,74,85,264.00,"22,440.00"
2026-05-07,143,2026050705009899,HIDCL,58,74,23,264.00,"6,072.00"
2026-05-07,144,2026050705010187,HRL,36,26,90,661.10,"59,499.00"
2026-05-07,145,2026050705010186,HRL,16,26,10,661.10,"6,611.00"
2026-05-07,146,2026050705010091,HRL,42,59,2,660.00,"1,320.00"
2026-05-07,147,2026050705009847,HRL,49,26,20,660.00,"13,200.00"
2026-05-07,148,2026050705009891,HRL,45,14,50,661.50,"33,075.00"
2026-05-07,149,2026050705009887,HRL,36,90,50,661.10,"33,055.00"
2026-05-07,150,2026050705009871,HRL,37,14,220,661.50,"145,530.00"
2026-05-07,151,2026050705009870,HRL,36,90,50,661.10,"33,055.00"
2026-05-07,152,2026050705009855,HRL,36,66,50,661.10,"33,055.00"
2026-05-07,153,2026050705009966,HRL,77,8,10,661.70,"6,617.00"
2026-05-07,154,2026050705009965,HRL,77,17,50,661.50,"33,075.00"
2026-05-07,155,2026050705009964,HRL,77,14,97,661.50,"64,165.50"
2026-05-07,156,2026050705009963,HRL,77,49,50,661.00,"33,050.00"
2026-05-07,157,2026050705009922,HRL,36,49,250,661.10,"165,275.00"
2026-05-07,158,2026050705009907,HRL,14,14,100,661.50,"66,150.00"
2026-05-07,159,2026050705009972,HRL,77,48,177,662.00,"117,174.00"
2026-05-07,160,2026050705009971,HRL,77,25,413,661.90,"273,364.70"
2026-05-07,161,2026050705009970,HRL,77,42,21,661.90,"13,899.90"
2026-05-07,162,2026050705009969,HRL,77,89,81,661.90,"53,613.90"
2026-05-07,163,2026050705009968,HRL,77,16,21,661.80,"13,897.80"
2026-05-07,164,2026050705009967,HRL,77,57,80,661.80,"52,944.00"
2026-05-07,165,2026050705010024,HRL,16,34,40,661.10,"26,444.00"
2026-05-07,166,2026050705010023,HRL,37,34,10,661.10,"6,611.00"
2026-05-07,167,2026050705010016,HRL,37,45,50,661.10,"33,055.00"
2026-05-07,168,2026050705010198,IHL,36,13,10,398.00,"3,980.00"
2026-05-07,169,2026050705009933,IHL,36,58,10,398.00,"3,980.00"
2026-05-07,170,2026050705009888,IHL,38,56,10,396.00,"3,960.00"
2026-05-07,171,2026050705009884,IHL,38,42,100,396.00,"39,600.00"
2026-05-07,172,2026050705009934,IHL,36,22,30,398.00,"11,940.00"
2026-05-07,173,2026050705010260,ILI,25,13,12,434.50,"5,214.00"
2026-05-07,174,2026050705010179,ILI,25,19,45,434.50,"19,552.50"
2026-05-07,175,2026050705010014,ILI,34,34,2,435.00,870.00
2026-05-07,176,2026050705009862,ILI,42,59,12,434.60,"5,215.20"
2026-05-07,177,2026050705009853,ILI,42,16,12,434.60,"5,215.20"
2026-05-07,178,2026050705009903,LUK,56,58,100,10.10,"1,010.00"
2026-05-07,179,2026050705010335,MANDU,65,32,10,809.80,"8,098.00"
2026-05-07,180,2026050705010035,MBJC,46,14,35,281.00,"9,835.00"
2026-05-07,181,2026050705009904,MBJC,46,95,90,281.00,"25,290.00"
2026-05-07,182,2026050705010243,MCHL,51,59,20,298.00,"5,960.00"
2026-05-07,183,2026050705010242,MCHL,5,59,100,298.00,"29,800.00"
2026-05-07,184,2026050705010241,MCHL,62,59,30,298.00,"8,940.00"
2026-05-07,185,2026050705010240,MCHL,16,59,50,299.00,"14,950.00"
2026-05-07,186,2026050705009951,MCHL,34,49,50,303.50,"15,175.00"
2026-05-07,187,2026050705010231,MEHL,38,57,10,376.20,"3,762.00"
2026-05-07,188,2026050705010234,MEL,41,54,100,229.90,"22,990.00"
2026-05-07,189,2026050705010054,MEL,47,38,20,230.00,"4,600.00"
2026-05-07,190,2026050705010053,MEL,47,43,30,230.00,"6,900.00"
2026-05-07,191,2026050705009869,MEL,58,16,10,228.80,"2,288.00"
2026-05-07,192,2026050705010052,MEL,47,45,100,230.00,"23,000.00"
2026-05-07,193,2026050705010033,MEL,95,58,50,228.90,"11,445.00"
2026-05-07,194,2026050705010032,MEL,58,58,44,229.00,"10,076.00"
2026-05-07,195,2026050705010259,MHCL,39,38,184,342.20,"62,964.80"
2026-05-07,196,2026050705010258,MHCL,39,38,200,343.00,"68,600.00"
2026-05-07,197,2026050705010257,MHCL,45,38,30,343.00,"10,290.00"
2026-05-07,198,2026050705010256,MHCL,58,38,10,343.40,"3,434.00"
2026-05-07,199,2026050705010255,MHCL,58,38,176,343.40,"60,438.40"
2026-05-07,200,2026050705010114,MHCL,42,38,25,349.90,"8,747.50"
2026-05-07,201,2026050705010113,MHCL,42,35,130,349.80,"45,474.00"
2026-05-07,202,2026050705010112,MHCL,42,43,10,346.00,"3,460.00"
2026-05-07,203,2026050705010111,MHCL,42,42,735,345.00,"253,575.00"
2026-05-07,204,2026050705010110,MHCL,42,38,100,344.90,"34,490.00"
2026-05-07,205,2026050705010272,MHL,42,34,10,499.60,"4,996.00"
2026-05-07,206,2026050705010005,MHL,49,14,100,499.00,"49,900.00"
2026-05-07,207,2026050705010174,MKHC,6,43,10,312.90,"3,129.00"
2026-05-07,208,2026050705010166,MKHC,60,43,400,311.20,"124,480.00"
2026-05-07,209,2026050705010165,MKHC,58,43,400,311.50,"124,600.00"
2026-05-07,210,2026050705010164,MKHC,42,43,100,311.60,"31,160.00"
2026-05-07,211,2026050705010047,MMKJL,36,58,50,485.00,"24,250.00"
2026-05-07,212,2026050705010046,MMKJL,36,56,10,485.00,"4,850.00"
2026-05-07,213,2026050705009992,NBF3,41,29,300,9.81,"2,943.00"
2026-05-07,214,2026050705010296,NIFRA,6,41,108,261.90,"28,285.20"
2026-05-07,215,2026050705009994,NIFRA,6,49,10,261.90,"2,619.00"
2026-05-07,216,2026050705009960,NIFRA,56,58,40,262.00,"10,480.00"
2026-05-07,217,2026050705009959,NIFRA,56,38,25,262.00,"6,550.00"
2026-05-07,218,2026050705009949,NIFRA,6,14,36,261.90,"9,428.40"
2026-05-07,219,2026050705009898,NIFRA,6,17,54,261.90,"14,142.60"
2026-05-07,220,2026050705009872,NIFRA,6,36,70,261.90,"18,333.00"
2026-05-07,221,2026050705010306,NRIC,1,45,10,886.00,"8,860.00"
2026-05-07,222,2026050705010282,NRIC,38,65,50,885.00,"44,250.00"
2026-05-07,223,2026050705010197,NRIC,38,5,10,885.00,"8,850.00"
2026-05-07,224,2026050705010176,NRIC,38,42,10,885.00,"8,850.00"
2026-05-07,225,2026050705009953,NRIC,25,45,25,885.00,"22,125.00"
2026-05-07,226,2026050705009851,NRIC,77,45,15,885.00,"13,275.00"
2026-05-07,227,2026050705010069,NRIC,14,51,15,886.00,"13,290.00"
2026-05-07,228,2026050705010021,NRIC,25,54,50,885.00,"44,250.00"
2026-05-07,229,2026050705009954,NRIC,25,58,20,885.00,"17,700.00"
2026-05-07,230,2026050705010175,NRIC,38,45,46,885.00,"40,710.00"
2026-05-07,231,2026050705010073,NRIC,46,45,10,885.00,"8,850.00"
2026-05-07,232,2026050705010072,NRIC,25,45,115,885.00,"101,775.00"
2026-05-07,233,2026050705010071,NRIC,14,45,75,886.00,"66,450.00"
2026-05-07,234,2026050705010070,NRIC,14,21,10,886.00,"8,860.00"
2026-05-07,235,2026050705010340,NRM,45,57,10,390.10,"3,901.00"
2026-05-07,236,2026050705010339,NRM,45,57,30,390.20,"11,706.00"
2026-05-07,237,2026050705010338,NRM,41,57,10,390.20,"3,902.00"
2026-05-07,238,2026050705009863,NRM,58,34,100,393.00,"39,300.00"
2026-05-07,239,2026050705010345,NRN,38,29,10,"1,362.80","13,628.00"
2026-05-07,240,2026050705009956,NRN,69,58,1,"1,360.00","1,360.00"
2026-05-07,241,2026050705009895,NRN,45,85,100,"1,359.20","135,920.00"
2026-05-07,242,2026050705010030,NRN,53,85,144,"1,359.20","195,724.80"
2026-05-07,243,2026050705010026,NRN,35,85,50,"1,359.20","67,960.00"
2026-05-07,244,2026050705009997,NRN,29,85,100,"1,359.20","135,920.00"
2026-05-07,245,2026050705009962,NRN,53,85,106,"1,359.20","144,075.20"
2026-05-07,246,2026050705010101,NRN,16,65,10,"1,359.10","13,591.00"
2026-05-07,247,2026050705010089,NRN,16,94,18,"1,359.10","24,463.80"
2026-05-07,248,2026050705010088,NRN,32,94,50,"1,359.10","67,955.00"
2026-05-07,249,2026050705010087,NRN,53,94,46,"1,359.20","62,523.20"
2026-05-07,250,2026050705010154,NRN,49,29,36,"1,358.00","48,888.00"
2026-05-07,251,2026050705010153,NRN,71,29,500,"1,359.00","679,500.00"
2026-05-07,252,2026050705010152,NRN,74,29,72,"1,359.10","97,855.20"
2026-05-07,253,2026050705010151,NRN,22,57,12,"1,360.00","16,320.00"
2026-05-07,254,2026050705010144,NRN,74,58,128,"1,359.10","173,964.80"
2026-05-07,255,2026050705010143,NRN,16,58,72,"1,359.10","97,855.20"
2026-05-07,256,2026050705010160,NRN,91,29,30,"1,357.00","40,710.00"
2026-05-07,257,2026050705010159,NRN,59,29,100,"1,357.00","135,700.00"
2026-05-07,258,2026050705010158,NRN,32,29,81,"1,357.00","109,917.00"
2026-05-07,259,2026050705010157,NRN,6,29,150,"1,357.10","203,565.00"
2026-05-07,260,2026050705010156,NRN,49,29,200,"1,358.00","271,600.00"
2026-05-07,261,2026050705010155,NRN,10,29,100,"1,358.00","135,800.00"
2026-05-07,262,2026050705010205,NRN,4,5,49,"1,356.00","66,444.00"
2026-05-07,263,2026050705010204,NRN,56,5,47,"1,359.20","63,882.40"
2026-05-07,264,2026050705010203,NRN,11,5,10,"1,359.20","13,592.00"
2026-05-07,265,2026050705010202,NRN,62,5,23,"1,359.20","31,261.60"
2026-05-07,266,2026050705010161,NRN,4,29,31,"1,356.00","42,036.00"
2026-05-07,267,2026050705010262,NRN,6,42,1,"1,355.00","1,355.00"
2026-05-07,268,2026050705010206,NRN,62,5,71,"1,355.90","96,268.90"
2026-05-07,269,2026050705010019,NTC,58,22,5,876.00,"4,380.00"
2026-05-07,270,2026050705009993,NTC,42,59,50,880.00,"44,000.00"
2026-05-07,271,2026050705009987,NTC,63,59,200,880.00,"176,000.00"
2026-05-07,272,2026050705009981,NTC,21,59,40,880.00,"35,200.00"
2026-05-07,273,2026050705010092,NYADI,58,52,15,385.00,"5,775.00"
2026-05-07,274,2026050705009881,NYADI,58,44,15,384.00,"5,760.00"
2026-05-07,275,2026050705010321,PHCL,85,38,174,301.00,"52,374.00"
2026-05-07,276,2026050705010320,PHCL,85,59,"1,000",301.00,"301,000.00"
2026-05-07,277,2026050705010319,PHCL,85,21,15,301.00,"4,515.00"
2026-05-07,278,2026050705010318,PHCL,85,58,10,301.00,"3,010.00"
2026-05-07,279,2026050705010317,PHCL,85,44,130,301.00,"39,130.00"
2026-05-07,280,2026050705010316,PHCL,85,1,671,300.90,"201,903.90"
2026-05-07,281,2026050705010012,PHCL,39,45,225,300.00,"67,500.00"
2026-05-07,282,2026050705010011,PHCL,39,45,75,300.00,"22,500.00"
2026-05-07,283,2026050705009941,PHCL,39,3,10,300.70,"3,007.00"
2026-05-07,284,2026050705009940,PHCL,39,29,50,300.50,"15,025.00"
2026-05-07,285,2026050705010192,PHCL,45,58,200,300.80,"60,160.00"
2026-05-07,286,2026050705010107,PHCL,45,57,100,300.70,"30,070.00"
2026-05-07,287,2026050705010106,PHCL,45,59,40,300.70,"12,028.00"
2026-05-07,288,2026050705010057,PHCL,74,59,30,300.70,"9,021.00"
2026-05-07,289,2026050705010056,PHCL,74,57,100,300.70,"30,070.00"
2026-05-07,290,2026050705010055,PHCL,74,3,170,300.70,"51,119.00"
2026-05-07,291,2026050705010230,PHCL,49,1,"2,329",300.90,"700,796.10"
2026-05-07,292,2026050705010229,PHCL,49,57,121,300.90,"36,408.90"
2026-05-07,293,2026050705010228,PHCL,49,35,600,300.80,"180,480.00"
2026-05-07,294,2026050705010227,PHCL,49,62,500,300.80,"150,400.00"
2026-05-07,295,2026050705010226,PHCL,49,35,650,300.80,"195,520.00"
2026-05-07,296,2026050705010225,PHCL,49,58,800,300.80,"240,640.00"
2026-05-07,297,2026050705010291,PPL,58,59,330,341.00,"112,530.00"
2026-05-07,298,2026050705010265,PPL,58,50,157,341.00,"53,537.00"
2026-05-07,299,2026050705010264,PPL,22,50,20,341.00,"6,820.00"
2026-05-07,300,2026050705010263,PPL,46,50,63,341.00,"21,483.00"
2026-05-07,301,2026050705010327,RAWA,6,90,40,587.00,"23,480.00"
2026-05-07,302,2026050705010326,RAWA,6,10,50,586.10,"29,305.00"
2026-05-07,303,2026050705010325,RAWA,6,16,50,586.00,"29,300.00"
2026-05-07,304,2026050705010025,RAWA,10,51,100,574.00,"57,400.00"
2026-05-07,305,2026050705010185,RAWA,10,44,79,573.00,"45,267.00"
2026-05-07,306,2026050705010051,RAWA,49,44,10,573.00,"5,730.00"
2026-05-07,307,2026050705010050,RAWA,54,44,30,573.00,"17,190.00"
2026-05-07,308,2026050705010049,RAWA,10,44,30,573.00,"17,190.00"
2026-05-07,309,2026050705010271,RAWA,10,51,52,574.00,"29,848.00"
2026-05-07,310,2026050705010333,RFPL,58,16,30,368.00,"11,040.00"
2026-05-07,311,2026050705010201,RFPL,72,16,10,368.00,"3,680.00"
2026-05-07,312,2026050705010115,RFPL,42,14,"1,959",367.70,"720,324.30"
2026-05-07,313,2026050705010093,RFPL,65,4,100,367.50,"36,750.00"
2026-05-07,314,2026050705010065,RFPL,41,14,10,367.70,"3,677.00"
2026-05-07,315,2026050705009938,RFPL,84,57,500,367.60,"183,800.00"
2026-05-07,316,2026050705009858,RFPL,34,14,31,367.70,"11,398.70"
2026-05-07,317,2026050705010301,RHGCL,66,8,115,291.00,"33,465.00"
2026-05-07,318,2026050705010300,RHGCL,66,51,225,291.00,"65,475.00"
2026-05-07,319,2026050705010299,RHGCL,66,88,100,290.00,"29,000.00"
2026-05-07,320,2026050705010298,RHGCL,66,51,60,289.00,"17,340.00"
2026-05-07,321,2026050705010137,RHGCL,50,48,185,287.10,"53,113.50"
2026-05-07,322,2026050705010136,RHGCL,36,48,20,287.10,"5,742.00"
2026-05-07,323,2026050705010098,RHGCL,25,51,190,289.00,"54,910.00"
2026-05-07,324,2026050705010097,RHGCL,25,45,100,288.90,"28,890.00"
2026-05-07,325,2026050705010096,RHGCL,25,38,10,288.80,"2,888.00"
2026-05-07,326,2026050705010095,RHGCL,36,72,980,287.10,"281,358.00"
2026-05-07,327,2026050705010094,RHGCL,74,72,20,287.20,"5,744.00"
2026-05-07,328,2026050705010221,RMF1,58,28,950,9.80,"9,310.00"
2026-05-07,329,2026050705010038,RNLI,28,26,12,459.90,"5,518.80"
2026-05-07,330,2026050705010037,RNLI,28,8,12,459.80,"5,517.60"
2026-05-07,331,2026050705010036,RNLI,28,59,472,459.00,"216,648.00"
2026-05-07,332,2026050705010269,RNLI,34,34,1,460.00,460.00
2026-05-07,333,2026050705010244,RNLI,34,58,1,460.00,460.00
2026-05-07,334,2026050705010199,RNLI,34,6,1,460.00,460.00
2026-05-07,335,2026050705010266,SAHAS,49,41,2,616.50,"1,233.00"
2026-05-07,336,2026050705010249,SAHAS,49,42,13,616.50,"8,014.50"
2026-05-07,337,2026050705010184,SAHAS,33,58,80,616.20,"49,296.00"
2026-05-07,338,2026050705010168,SAHAS,51,38,15,616.90,"9,253.50"
2026-05-07,339,2026050705010167,SAHAS,51,32,13,616.50,"8,014.50"
2026-05-07,340,2026050705009990,SAHAS,33,38,39,616.20,"24,031.80"
2026-05-07,341,2026050705009952,SAHAS,33,58,10,616.20,"6,162.00"
2026-05-07,342,2026050705009908,SAHAS,33,49,50,616.20,"30,810.00"
2026-05-07,343,2026050705010084,SANVI,42,14,10,669.00,"6,690.00"
2026-05-07,344,2026050705010028,SANVI,58,6,10,667.00,"6,670.00"
2026-05-07,345,2026050705009939,SANVI,58,57,10,667.00,"6,670.00"
2026-05-07,346,2026050705009937,SANVI,77,1,10,666.00,"6,660.00"
2026-05-07,347,2026050705009932,SANVI,77,43,10,666.00,"6,660.00"
2026-05-07,348,2026050705009923,SANVI,77,36,500,666.00,"333,000.00"
2026-05-07,349,2026050705010041,SFEF,32,4,"54,150",9.99,"540,958.50"
2026-05-07,350,2026050705010293,SGHC,65,54,100,361.00,"36,100.00"
2026-05-07,351,2026050705010145,SGHC,41,45,20,364.00,"7,280.00"
2026-05-07,352,2026050705010086,SGHC,65,58,100,361.00,"36,100.00"
2026-05-07,353,2026050705010280,SHIVM,51,47,500,666.90,"333,450.00"
2026-05-07,354,2026050705010212,SHIVM,48,7,38,668.00,"25,384.00"
2026-05-07,355,2026050705010211,SHIVM,48,57,10,667.80,"6,678.00"
2026-05-07,356,2026050705010210,SHIVM,48,94,40,667.00,"26,680.00"
2026-05-07,357,2026050705010209,SHIVM,48,67,62,667.00,"41,354.00"
2026-05-07,358,2026050705010188,SHIVM,51,47,110,666.90,"73,359.00"
2026-05-07,359,2026050705009910,SHIVM,51,45,100,666.90,"66,690.00"
2026-05-07,360,2026050705009902,SHIVM,39,45,100,667.00,"66,700.00"
2026-05-07,361,2026050705009882,SHIVM,49,45,75,667.00,"50,025.00"
2026-05-07,362,2026050705009975,SHIVM,57,57,90,667.80,"60,102.00"
2026-05-07,363,2026050705009974,SHIVM,57,89,10,667.00,"6,670.00"
2026-05-07,364,2026050705009955,SHIVM,51,34,40,666.90,"26,676.00"
2026-05-07,365,2026050705009929,SHIVM,95,89,10,667.00,"6,670.00"
2026-05-07,366,2026050705009928,SHIVM,33,89,10,667.00,"6,670.00"
2026-05-07,367,2026050705009921,SHIVM,39,45,25,667.00,"16,675.00"
2026-05-07,368,2026050705010178,SHIVM,45,67,50,667.00,"33,350.00"
2026-05-07,369,2026050705010090,SHIVM,29,67,23,667.00,"15,341.00"
2026-05-07,370,2026050705010083,SHIVM,19,67,165,667.00,"110,055.00"
2026-05-07,371,2026050705010082,SHIVM,19,25,100,667.00,"66,700.00"
2026-05-07,372,2026050705010042,SHIVM,19,58,20,667.00,"13,340.00"
2026-05-07,373,2026050705009989,SHIVM,19,82,215,667.00,"143,405.00"
2026-05-07,374,2026050705010058,SIKLES,45,25,50,573.50,"28,675.00"
2026-05-07,375,2026050705010045,SIKLES,45,52,34,573.50,"19,499.00"
2026-05-07,376,2026050705010044,SIKLES,6,52,50,573.50,"28,675.00"
2026-05-07,377,2026050705010043,SIKLES,29,52,16,573.50,"9,176.00"
2026-05-07,378,2026050705010303,SMATA,17,57,10,761.00,"7,610.00"
2026-05-07,379,2026050705010302,SMATA,46,50,11,755.00,"8,305.00"
2026-05-07,380,2026050705009935,SMATA,46,59,70,755.00,"52,850.00"
2026-05-07,381,2026050705009919,SMATA,29,59,20,755.00,"15,100.00"
2026-05-07,382,2026050705010219,SMH,45,36,10,568.00,"5,680.00"
2026-05-07,383,2026050705010162,SMH,16,66,50,562.10,"28,105.00"
2026-05-07,384,2026050705010009,SMH,16,87,400,562.10,"224,840.00"
2026-05-07,385,2026050705010008,SMH,16,87,500,562.20,"281,100.00"
2026-05-07,386,2026050705010007,SMH,91,87,100,562.30,"56,230.00"
2026-05-07,387,2026050705010006,SMH,42,87,100,562.30,"56,230.00"
2026-05-07,388,2026050705009897,SMH,39,36,87,568.00,"49,416.00"
2026-05-07,389,2026050705009896,SMH,39,58,13,567.00,"7,371.00"
2026-05-07,390,2026050705010337,SMHL,48,33,21,494.90,"10,392.90"
2026-05-07,391,2026050705010307,SMHL,62,8,10,493.80,"4,938.00"
2026-05-07,392,2026050705010279,SMHL,49,41,100,493.00,"49,300.00"
2026-05-07,393,2026050705010066,SMHL,34,26,50,491.10,"24,555.00"
2026-05-07,394,2026050705010029,SMHL,34,34,60,491.10,"29,466.00"
2026-05-07,395,2026050705009988,SMHL,34,90,100,491.10,"49,110.00"
2026-05-07,396,2026050705010328,SMJC,19,63,92,435.00,"40,020.00"
2026-05-07,397,2026050705010314,SMJC,43,48,10,434.00,"4,340.00"
2026-05-07,398,2026050705010313,SMJC,43,36,52,434.00,"22,568.00"
2026-05-07,399,2026050705010312,SMJC,43,8,10,433.90,"4,339.00"
2026-05-07,400,2026050705010311,SMJC,43,52,20,433.60,"8,672.00"
2026-05-07,401,2026050705010080,SMJC,22,52,20,433.60,"8,672.00"
2026-05-07,402,2026050705009920,SMJC,95,13,50,433.50,"21,675.00"
2026-05-07,403,2026050705010003,SONA,58,90,100,433.00,"43,300.00"
2026-05-07,404,2026050705009991,SONA,56,21,10,433.90,"4,339.00"
2026-05-07,405,2026050705009948,SONA,58,28,10,433.00,"4,330.00"
2026-05-07,406,2026050705009947,SONA,58,39,10,433.00,"4,330.00"
2026-05-07,407,2026050705009946,SONA,58,58,10,433.00,"4,330.00"
2026-05-07,408,2026050705009945,SONA,58,8,10,433.00,"4,330.00"
2026-05-07,409,2026050705009944,SONA,58,45,100,433.00,"43,300.00"
2026-05-07,410,2026050705009943,SONA,58,58,10,433.00,"4,330.00"
2026-05-07,411,2026050705009942,SONA,58,14,130,433.00,"56,290.00"
2026-05-07,412,2026050705009925,SONA,67,48,"1,000",432.30,"432,300.00"
2026-05-07,413,2026050705009854,SONA,22,16,10,432.20,"4,322.00"
2026-05-07,414,2026050705010180,SPC,67,4,11,455.00,"5,005.00"
2026-05-07,415,2026050705009979,SPC,39,45,230,453.00,"104,190.00"
2026-05-07,416,2026050705009913,SPC,67,4,11,455.00,"5,005.00"
2026-05-07,417,2026050705009856,SPC,49,45,50,453.10,"22,655.00"
2026-05-07,418,2026050705010247,SPHL,74,38,50,505.50,"25,275.00"
2026-05-07,419,2026050705010336,SPL,32,74,10,697.00,"6,970.00"
2026-05-07,420,2026050705010218,SPL,17,33,54,700.00,"37,800.00"
2026-05-07,421,2026050705010217,SPL,17,22,36,700.00,"25,200.00"
2026-05-07,422,2026050705010216,SPL,17,58,110,700.00,"77,000.00"
2026-05-07,423,2026050705010215,SPL,17,11,100,699.80,"69,980.00"
2026-05-07,424,2026050705010214,SPL,17,11,100,699.00,"69,900.00"
2026-05-07,425,2026050705010213,SPL,17,11,100,698.80,"69,880.00"
2026-05-07,426,2026050705010287,STC,59,21,10,"5,750.00","57,500.00"
2026-05-07,427,2026050705010315,TAMOR,13,45,10,427.00,"4,270.00"
2026-05-07,428,2026050705010250,TAMOR,6,45,75,427.00,"32,025.00"
2026-05-07,429,2026050705010131,TAMOR,48,45,50,427.00,"21,350.00"
2026-05-07,430,2026050705010130,TAMOR,1,45,10,427.00,"4,270.00"
2026-05-07,431,2026050705010129,TAMOR,57,45,50,427.00,"21,350.00"
2026-05-07,432,2026050705010128,TAMOR,64,45,400,427.10,"170,840.00"
2026-05-07,433,2026050705010020,TAMOR,50,21,90,428.00,"38,520.00"
2026-05-07,434,2026050705010000,TAMOR,50,42,10,428.00,"4,280.00"
2026-05-07,435,2026050705009999,TAMOR,50,42,20,428.00,"8,560.00"
2026-05-07,436,2026050705009980,TAMOR,40,42,30,428.00,"12,840.00"
2026-05-07,437,2026050705009936,TAMOR,40,38,50,428.00,"21,400.00"
2026-05-07,438,2026050705009893,TAMOR,40,58,10,428.00,"4,280.00"
2026-05-07,439,2026050705010121,TAMOR,90,45,50,427.70,"21,385.00"
2026-05-07,440,2026050705010120,TAMOR,58,45,100,428.00,"42,800.00"
2026-05-07,441,2026050705010119,TAMOR,6,45,30,428.00,"12,840.00"
2026-05-07,442,2026050705010118,TAMOR,58,45,10,428.00,"4,280.00"
2026-05-07,443,2026050705010117,TAMOR,50,45,380,428.00,"162,640.00"
2026-05-07,444,2026050705010116,TAMOR,90,45,30,428.10,"12,843.00"
2026-05-07,445,2026050705010127,TAMOR,43,45,"1,000",427.20,"427,200.00"
2026-05-07,446,2026050705010126,TAMOR,39,45,300,427.50,"128,250.00"
2026-05-07,447,2026050705010125,TAMOR,58,45,779,427.50,"333,022.50"
2026-05-07,448,2026050705010124,TAMOR,32,45,250,427.60,"106,900.00"
2026-05-07,449,2026050705010123,TAMOR,40,45,66,427.70,"28,228.20"
2026-05-07,450,2026050705010122,TAMOR,46,45,120,427.70,"51,324.00"
2026-05-07,451,2026050705010239,TPC,49,50,760,361.30,"274,588.00"
2026-05-07,452,2026050705010238,TPC,16,50,100,361.40,"36,140.00"
2026-05-07,453,2026050705010237,TPC,4,50,140,361.50,"50,610.00"
2026-05-07,454,2026050705010183,TPC,45,7,10,363.00,"3,630.00"
2026-05-07,455,2026050705010142,TPC,4,42,60,361.50,"21,690.00"
2026-05-07,456,2026050705010141,TPC,52,42,20,362.00,"7,240.00"
2026-05-07,457,2026050705010140,TPC,90,42,100,362.00,"36,200.00"
2026-05-07,458,2026050705010139,TPC,49,42,50,362.10,"18,105.00"
2026-05-07,459,2026050705010138,TPC,101,42,20,362.50,"7,250.00"
2026-05-07,460,2026050705010010,TPC,34,42,100,362.50,"36,250.00"
2026-05-07,461,2026050705010334,TSHL,48,63,10,599.00,"5,990.00"
2026-05-07,462,2026050705010310,TSHL,83,40,35,595.00,"20,825.00"
2026-05-07,463,2026050705010309,TSHL,49,40,50,595.00,"29,750.00"
2026-05-07,464,2026050705010308,TSHL,18,40,40,595.10,"23,804.00"
2026-05-07,465,2026050705009924,TVCL,81,62,110,510.00,"56,100.00"
2026-05-07,466,2026050705009917,TVCL,72,14,120,512.00,"61,440.00"
2026-05-07,467,2026050705009916,TVCL,72,58,10,510.90,"5,109.00"
2026-05-07,468,2026050705009915,TVCL,72,67,20,510.50,"10,210.00"
2026-05-07,469,2026050705009878,TVCL,81,38,30,510.00,"15,300.00"
2026-05-07,470,2026050705009877,TVCL,81,5,20,508.00,"10,160.00"
2026-05-07,471,2026050705009876,TVCL,81,42,100,508.00,"50,800.00"
2026-05-07,472,2026050705009875,TVCL,81,49,10,507.00,"5,070.00"
2026-05-07,473,2026050705009874,TVCL,81,74,200,505.00,"101,000.00"
2026-05-07,474,2026050705009873,TVCL,81,34,30,500.00,"15,000.00"
2026-05-07,475,2026050705010246,UHEWA,74,42,10,565.00,"5,650.00"
2026-05-07,476,2026050705009861,UHEWA,58,45,11,565.00,"6,215.00"
2026-05-07,477,2026050705010332,ULHC,58,57,778,518.00,"403,004.00"
2026-05-07,478,2026050705010331,ULHC,49,57,128,518.00,"66,304.00"
2026-05-07,479,2026050705010322,ULHC,49,41,90,518.00,"46,620.00"
2026-05-07,480,2026050705010223,ULHC,36,36,300,518.90,"155,670.00"
2026-05-07,481,2026050705010177,ULHC,56,61,100,518.80,"51,880.00"
2026-05-07,482,2026050705010102,ULHC,49,17,10,518.00,"5,180.00"
2026-05-07,483,2026050705010074,ULHC,49,39,272,518.00,"140,896.00"
2026-05-07,484,2026050705010015,ULHC,22,32,100,515.00,"51,500.00"
2026-05-07,485,2026050705009998,ULHC,51,44,300,514.00,"154,200.00"
2026-05-07,486,2026050705009886,ULHC,56,42,39,515.00,"20,085.00"
2026-05-07,487,2026050705009864,ULHC,56,57,461,515.00,"237,415.00"
2026-05-07,488,2026050705009852,ULHC,22,57,195,515.00,"100,425.00"
2026-05-07,489,2026050705010290,USHEC,26,36,100,488.00,"48,800.00"
2026-05-07,490,2026050705010207,USHEC,16,58,158,485.20,"76,661.60"
2026-05-07,491,2026050705010068,USHEC,26,52,20,487.90,"9,758.00"
2026-05-07,492,2026050705010022,USHEC,16,59,450,485.20,"218,340.00"
2026-05-07,493,2026050705009957,USHEC,62,58,42,485.20,"20,378.40"
2026-05-07,494,2026050705010105,USHEC,16,42,10,485.20,"4,852.00"
2026-05-07,495,2026050705010233,USHL,82,42,10,639.00,"6,390.00"
2026-05-07,496,2026050705010330,VLUCL,35,36,10,477.00,"4,770.00"
2026-05-07,497,2026050705010196,VLUCL,44,64,100,471.70,"47,170.00"
2026-05-07,498,2026050705010195,VLUCL,44,36,70,471.70,"33,019.00"
2026-05-07,499,2026050705010077,VLUCL,85,48,10,471.50,"4,715.00"
2026-05-07,500,2026050705009973,VLUCL,35,36,150,471.70,"70,755.00"
2026-05-07,501,2026050705009818,BBC,32,36,10,"4,799.00","47,990.00"
2026-05-07,502,2026050705009650,BBC,36,63,10,"4,750.00","47,500.00"
2026-05-07,503,2026050705009539,BBC,32,63,40,"4,750.00","190,000.00"
2026-05-07,504,2026050705009411,BBC,36,63,40,"4,750.00","190,000.00"
2026-05-07,505,2026050705009492,BEDC,44,59,60,354.00,"21,240.00"
2026-05-07,506,2026050705009405,BEDC,58,6,18,353.90,"6,370.20"
2026-05-07,507,2026050705009696,BGWT,57,74,100,627.00,"62,700.00"
2026-05-07,508,2026050705009695,BGWT,35,74,22,627.00,"13,794.00"
2026-05-07,509,2026050705009694,BGWT,32,74,10,627.00,"6,270.00"
2026-05-07,510,2026050705009693,BGWT,47,74,69,627.00,"43,263.00"
2026-05-07,511,2026050705009692,BGWT,83,74,10,627.10,"6,271.00"
2026-05-07,512,2026050705009691,BGWT,47,74,200,628.00,"125,600.00"
2026-05-07,513,2026050705009383,BHDC,50,42,51,455.50,"23,230.50"
2026-05-07,514,2026050705009799,BHL,45,59,135,217.00,"29,295.00"
2026-05-07,515,2026050705009794,BHL,48,59,96,217.00,"20,832.00"
2026-05-07,516,2026050705009793,BHL,48,34,80,217.00,"17,360.00"
2026-05-07,517,2026050705009792,BHL,48,58,34,217.00,"7,378.00"
2026-05-07,518,2026050705009791,BHL,48,36,20,217.00,"4,340.00"
2026-05-07,519,2026050705009790,BHL,48,49,100,217.00,"21,700.00"
2026-05-07,520,2026050705009352,BHL,51,52,200,216.40,"43,280.00"
2026-05-07,521,2026050705009504,BHL,56,54,180,216.90,"39,042.00"
2026-05-07,522,2026050705009503,BHL,56,74,120,216.90,"26,028.00"
2026-05-07,523,2026050705009502,BHL,56,43,50,216.80,"10,840.00"
2026-05-07,524,2026050705009501,BHL,56,34,150,216.80,"32,520.00"
2026-05-07,525,2026050705009460,BHL,25,29,450,216.50,"97,425.00"
2026-05-07,526,2026050705009409,BHL,42,74,880,216.90,"190,872.00"
2026-05-07,527,2026050705009727,BHL,36,6,250,216.90,"54,225.00"
2026-05-07,528,2026050705009711,BHL,45,57,155,216.70,"33,588.50"
2026-05-07,529,2026050705009710,BHL,49,57,25,216.80,"5,420.00"
2026-05-07,530,2026050705009653,BHL,35,51,10,216.80,"2,168.00"
2026-05-07,531,2026050705009576,BHL,58,6,640,216.90,"138,816.00"
2026-05-07,532,2026050705009538,BHL,58,54,60,216.90,"13,014.00"
2026-05-07,533,2026050705009789,BHL,48,4,400,217.00,"86,800.00"
2026-05-07,534,2026050705009788,BHL,48,35,10,217.00,"2,170.00"
2026-05-07,535,2026050705009787,BHL,48,49,245,217.00,"53,165.00"
2026-05-07,536,2026050705009786,BHL,48,28,15,217.00,"3,255.00"
2026-05-07,537,2026050705009753,BHL,42,14,200,216.90,"43,380.00"
2026-05-07,538,2026050705009752,BHL,42,6,110,216.90,"23,859.00"
2026-05-07,539,2026050705009845,BHPL,92,14,800,515.00,"412,000.00"
2026-05-07,540,2026050705009395,CHDC,75,58,490,"2,210.20","1,082,998.00"
2026-05-07,541,2026050705009394,CHDC,32,58,10,"2,211.00","22,110.00"
2026-05-07,542,2026050705009388,CHDC,32,50,10,"2,220.00","22,200.00"
2026-05-07,543,2026050705009382,CHDC,32,16,24,"2,220.00","53,280.00"
2026-05-07,544,2026050705009768,CIT,45,58,10,"1,756.10","17,561.00"
2026-05-07,545,2026050705009580,CIT,41,19,20,"1,756.10","35,122.00"
2026-05-07,546,2026050705009525,CIT,58,19,10,"1,756.10","17,561.00"
2026-05-07,547,2026050705009398,CIT,4,45,20,"1,757.00","35,140.00"
2026-05-07,548,2026050705009371,CIT,66,45,10,"1,757.00","17,570.00"
2026-05-07,549,2026050705009795,CKHL,6,37,100,676.00,"67,600.00"
2026-05-07,550,2026050705009766,CKHL,6,37,100,676.00,"67,600.00"
2026-05-07,551,2026050705009493,CKHL,6,37,100,676.00,"67,600.00"
2026-05-07,552,2026050705009800,CLI,69,16,13,451.50,"5,869.50"
2026-05-07,553,2026050705009748,CLI,18,58,10,454.00,"4,540.00"
2026-05-07,554,2026050705009735,CLI,69,13,100,451.50,"45,150.00"
2026-05-07,555,2026050705009704,CLI,91,16,1,450.00,450.00
2026-05-07,556,2026050705009687,CLI,69,59,13,451.50,"5,869.50"
2026-05-07,557,2026050705009367,CLI,91,58,3,447.00,"1,341.00"
2026-05-07,558,2026050705009825,DOLTI,56,36,160,335.00,"53,600.00"
2026-05-07,559,2026050705009822,DOLTI,42,36,15,335.00,"5,025.00"
2026-05-07,560,2026050705009816,DOLTI,58,36,80,335.00,"26,800.00"
2026-05-07,561,2026050705009674,DOLTI,58,36,53,335.00,"17,755.00"
2026-05-07,562,2026050705009673,DOLTI,38,36,10,335.00,"3,350.00"
2026-05-07,563,2026050705009672,DOLTI,57,36,75,335.00,"25,125.00"
2026-05-07,564,2026050705009400,DOLTI,14,45,20,337.00,"6,740.00"
2026-05-07,565,2026050705009399,DOLTI,58,45,368,337.90,"124,347.20"
2026-05-07,566,2026050705009619,DOLTI,28,85,20,336.00,"6,720.00"
2026-05-07,567,2026050705009618,DOLTI,45,85,100,336.20,"33,620.00"
2026-05-07,568,2026050705009489,DOLTI,22,34,90,336.90,"30,321.00"
2026-05-07,569,2026050705009480,DOLTI,34,44,20,337.00,"6,740.00"
2026-05-07,570,2026050705009452,DOLTI,58,45,602,337.00,"202,874.00"
2026-05-07,571,2026050705009425,DOLTI,53,45,10,337.00,"3,370.00"
2026-05-07,572,2026050705009625,DOLTI,4,85,50,335.00,"16,750.00"
2026-05-07,573,2026050705009624,DOLTI,35,85,50,335.00,"16,750.00"
2026-05-07,574,2026050705009623,DOLTI,13,85,300,335.10,"100,530.00"
2026-05-07,575,2026050705009622,DOLTI,19,85,150,336.00,"50,400.00"
2026-05-07,576,2026050705009621,DOLTI,58,85,10,336.00,"3,360.00"
2026-05-07,577,2026050705009620,DOLTI,58,85,10,336.00,"3,360.00"
2026-05-07,578,2026050705009631,DOLTI,57,85,125,335.00,"41,875.00"
2026-05-07,579,2026050705009630,DOLTI,40,85,500,335.00,"167,500.00"
2026-05-07,580,2026050705009629,DOLTI,45,85,60,335.00,"20,100.00"
2026-05-07,581,2026050705009628,DOLTI,8,85,275,335.00,"92,125.00"
2026-05-07,582,2026050705009627,DOLTI,33,85,50,335.00,"16,750.00"
2026-05-07,583,2026050705009626,DOLTI,48,85,300,335.00,"100,500.00"
2026-05-07,584,2026050705009726,DORDI,45,38,50,267.00,"13,350.00"
2026-05-07,585,2026050705009688,DORDI,52,85,470,268.00,"125,960.00"
2026-05-07,586,2026050705009639,DORDI,52,8,20,268.00,"5,360.00"
2026-05-07,587,2026050705009599,DORDI,52,13,10,268.00,"2,680.00"
2026-05-07,588,2026050705009499,DORDI,42,45,30,267.00,"8,010.00"
2026-05-07,589,2026050705009478,EHPL,16,13,20,380.50,"7,610.00"
2026-05-07,590,2026050705009477,EHPL,90,13,100,380.50,"38,050.00"
2026-05-07,591,2026050705009841,GCIL,54,16,11,413.90,"4,552.90"
2026-05-07,592,2026050705009386,GCIL,32,18,170,414.00,"70,380.00"
2026-05-07,593,2026050705009385,GCIL,32,45,130,414.00,"53,820.00"
2026-05-07,594,2026050705009416,GCIL,38,58,1,405.00,405.00
2026-05-07,595,2026050705009506,GCIL,49,51,145,413.00,"59,885.00"
2026-05-07,596,2026050705009656,GCIL,6,18,30,414.00,"12,420.00"
2026-05-07,597,2026050705009508,GCIL,62,51,155,413.00,"64,015.00"
2026-05-07,598,2026050705009507,GCIL,49,51,50,413.00,"20,650.00"
2026-05-07,599,2026050705009826,GVL,87,57,10,487.00,"4,870.00"
2026-05-07,600,2026050705009491,GVL,6,57,29,487.00,"14,123.00"
2026-05-07,601,2026050705009490,GVL,6,34,60,486.50,"29,190.00"
2026-05-07,602,2026050705009445,GVL,20,4,150,486.00,"72,900.00"
2026-05-07,603,2026050705009397,GVL,57,13,10,486.10,"4,861.00"
2026-05-07,604,2026050705009431,HATHY,40,48,10,810.00,"8,100.00"
2026-05-07,605,2026050705009840,HDL,35,1,20,"1,150.00","23,000.00"
2026-05-07,606,2026050705009839,HDL,42,1,100,"1,150.00","115,000.00"
2026-05-07,607,2026050705009838,HDL,54,1,10,"1,150.00","11,500.00"
2026-05-07,608,2026050705009837,HDL,49,1,100,"1,150.00","115,000.00"
2026-05-07,609,2026050705009836,HDL,47,1,14,"1,150.00","16,100.00"
2026-05-07,610,2026050705009380,HDL,35,17,30,"1,150.00","34,500.00"
2026-05-07,611,2026050705009372,HDL,58,19,1,"1,150.00","1,150.00"
2026-05-07,612,2026050705009414,HDL,57,1,30,"1,150.00","34,500.00"
2026-05-07,613,2026050705009412,HDL,58,1,100,"1,150.00","115,000.00"
2026-05-07,614,2026050705009381,HDL,35,1,70,"1,150.00","80,500.00"
2026-05-07,615,2026050705009466,HDL,42,1,10,"1,150.00","11,500.00"
2026-05-07,616,2026050705009451,HDL,44,1,10,"1,150.00","11,500.00"
2026-05-07,617,2026050705009439,HDL,3,1,21,"1,150.00","24,150.00"
2026-05-07,618,2026050705009481,HDL,54,1,10,"1,150.00","11,500.00"
2026-05-07,619,2026050705009470,HDL,7,1,20,"1,150.00","23,000.00"
2026-05-07,620,2026050705009659,HDL,21,45,100,"1,150.00","115,000.00"
2026-05-07,621,2026050705009658,HDL,21,1,209,"1,150.00","240,350.00"
2026-05-07,622,2026050705009603,HDL,57,1,20,"1,150.00","23,000.00"
2026-05-07,623,2026050705009662,HDL,21,45,24,"1,150.00","27,600.00"
2026-05-07,624,2026050705009661,HDL,21,29,26,"1,150.00","29,900.00"
2026-05-07,625,2026050705009660,HDL,21,43,20,"1,150.00","23,000.00"
2026-05-07,626,2026050705009763,HDL,21,26,100,"1,150.00","115,000.00"
2026-05-07,627,2026050705009733,HDL,59,1,195,"1,150.20","224,289.00"
2026-05-07,628,2026050705009732,HDL,59,57,108,"1,150.20","124,221.60"
2026-05-07,629,2026050705009835,HDL,21,1,21,"1,150.00","24,150.00"
2026-05-07,630,2026050705009745,HHL,32,8,457,368.00,"168,176.00"
2026-05-07,631,2026050705009744,HHL,44,8,30,368.00,"11,040.00"
2026-05-07,632,2026050705009743,HHL,80,8,"1,000",369.00,"369,000.00"
2026-05-07,633,2026050705009742,HHL,59,8,13,369.00,"4,797.00"
2026-05-07,634,2026050705009705,HHL,59,45,"1,000",369.00,"369,000.00"
2026-05-07,635,2026050705009663,HHL,62,22,80,369.10,"29,528.00"
2026-05-07,636,2026050705009573,HHL,59,54,800,369.00,"295,200.00"
2026-05-07,637,2026050705009522,HHL,59,92,377,369.00,"139,113.00"
2026-05-07,638,2026050705009521,HHL,57,92,100,369.10,"36,910.00"
2026-05-07,639,2026050705009520,HHL,51,92,23,369.30,"8,493.90"
2026-05-07,640,2026050705009387,HHL,62,1,10,370.00,"3,700.00"
2026-05-07,641,2026050705009664,HHL,59,22,"1,920",369.00,"708,480.00"
2026-05-07,642,2026050705009637,HIDCL,29,34,828,265.00,"219,420.00"
2026-05-07,643,2026050705009636,HIDCL,29,18,60,265.00,"15,900.00"
2026-05-07,644,2026050705009635,HIDCL,29,38,101,265.00,"26,765.00"
2026-05-07,645,2026050705009634,HIDCL,29,38,11,265.00,"2,915.00"
2026-05-07,646,2026050705009544,HIDCL,58,13,53,264.00,"13,992.00"
2026-05-07,647,2026050705009543,HIDCL,35,13,10,264.00,"2,640.00"
2026-05-07,648,2026050705009437,HIDCL,19,40,10,264.10,"2,641.00"
2026-05-07,649,2026050705009422,HIDCL,3,13,24,264.80,"6,355.20"
2026-05-07,650,2026050705009542,HIDCL,19,13,40,264.10,"10,564.00"
2026-05-07,651,2026050705009465,HIDCL,3,38,90,265.00,"23,850.00"
2026-05-07,652,2026050705009464,HIDCL,3,36,20,265.00,"5,300.00"
2026-05-07,653,2026050705009463,HIDCL,3,8,27,265.00,"7,155.00"
2026-05-07,654,2026050705009462,HIDCL,3,13,53,264.80,"14,034.40"
2026-05-07,655,2026050705009456,HIDCL,39,13,100,264.80,"26,480.00"
2026-05-07,656,2026050705009832,HRL,49,16,10,660.00,"6,600.00"
2026-05-07,657,2026050705009831,HRL,49,63,11,660.00,"7,260.00"
2026-05-07,658,2026050705009830,HRL,32,63,152,660.00,"100,320.00"
2026-05-07,659,2026050705009829,HRL,40,63,129,660.00,"85,140.00"
2026-05-07,660,2026050705009828,HRL,45,63,100,660.10,"66,010.00"
2026-05-07,661,2026050705009827,HRL,41,63,150,660.10,"99,015.00"
2026-05-07,662,2026050705009433,HRL,34,57,10,661.80,"6,618.00"
2026-05-07,663,2026050705009378,HRL,40,43,50,660.00,"33,000.00"
2026-05-07,664,2026050705009469,HRL,49,34,20,661.00,"13,220.00"
2026-05-07,665,2026050705009442,HRL,51,57,10,661.80,"6,618.00"
2026-05-07,666,2026050705009596,HRL,26,1,86,660.10,"56,768.60"
2026-05-07,667,2026050705009582,HRL,40,26,200,660.00,"132,000.00"
2026-05-07,668,2026050705009581,HRL,45,26,100,660.10,"66,010.00"
2026-05-07,669,2026050705009762,HRL,40,38,50,660.00,"33,000.00"
2026-05-07,670,2026050705009761,HRL,40,52,21,660.00,"13,860.00"
2026-05-07,671,2026050705009682,HRL,43,45,600,661.00,"396,600.00"
2026-05-07,672,2026050705009617,HRL,37,14,36,661.50,"23,814.00"
2026-05-07,673,2026050705009616,HRL,37,17,50,661.00,"33,050.00"
2026-05-07,674,2026050705009615,HRL,37,1,14,660.10,"9,241.40"
2026-05-07,675,2026050705009843,IHL,38,34,110,396.00,"43,560.00"
2026-05-07,676,2026050705009842,IHL,1,34,10,396.10,"3,961.00"
2026-05-07,677,2026050705009655,ILI,45,19,13,435.00,"5,655.00"
2026-05-07,678,2026050705009654,ILI,21,19,42,435.00,"18,270.00"
2026-05-07,679,2026050705009577,ILI,41,45,10,435.00,"4,350.00"
2026-05-07,680,2026050705009474,ILI,58,26,11,435.80,"4,793.80"
2026-05-07,681,2026050705009438,ILI,41,45,30,435.00,"13,050.00"
2026-05-07,682,2026050705009534,KBSH,8,1,10,"1,500.00","15,000.00"
2026-05-07,683,2026050705009418,KBSH,98,56,50,"1,492.00","74,600.00"
2026-05-07,684,2026050705009741,KDBY,57,38,100,11.26,"1,126.00"
2026-05-07,685,2026050705009574,KEF,21,13,200,10.64,"2,128.00"
2026-05-07,686,2026050705009632,MAKAR,17,6,100,484.00,"48,400.00"
2026-05-07,687,2026050705009585,MAKAR,21,49,10,481.70,"4,817.00"
2026-05-07,688,2026050705009505,MAKAR,21,48,10,481.70,"4,817.00"
2026-05-07,689,2026050705009415,MAKAR,21,59,40,481.70,"19,268.00"
2026-05-07,690,2026050705009369,MAKAR,37,49,45,481.80,"21,681.00"
2026-05-07,691,2026050705009772,MANDU,56,58,10,806.20,"8,062.00"
2026-05-07,692,2026050705009601,MBJC,45,1,10,280.00,"2,800.00"
2026-05-07,693,2026050705009401,MBJC,45,1,10,280.00,"2,800.00"
2026-05-07,694,2026050705009781,MCHL,74,38,"1,000",298.50,"298,500.00"
2026-05-07,695,2026050705009780,MCHL,25,38,100,298.50,"29,850.00"
2026-05-07,696,2026050705009779,MCHL,51,38,40,298.50,"11,940.00"
2026-05-07,697,2026050705009778,MCHL,34,38,260,298.60,"77,636.00"
2026-05-07,698,2026050705009777,MCHL,74,38,500,298.70,"149,350.00"
2026-05-07,699,2026050705009776,MCHL,49,38,35,298.80,"10,458.00"
2026-05-07,700,2026050705009698,MCHL,18,59,16,299.10,"4,785.60"
2026-05-07,701,2026050705009638,MCHL,18,42,20,299.10,"5,982.00"
2026-05-07,702,2026050705009444,MCHL,18,58,14,299.10,"4,187.40"
2026-05-07,703,2026050705009424,MCHL,49,59,300,299.50,"89,850.00"
2026-05-07,704,2026050705009775,MCHL,57,38,20,298.80,"5,976.00"
2026-05-07,705,2026050705009740,MCHL,77,59,35,299.00,"10,465.00"
2026-05-07,706,2026050705009739,MCHL,13,59,45,299.00,"13,455.00"
2026-05-07,707,2026050705009701,MCHL,13,59,55,299.00,"16,445.00"
2026-05-07,708,2026050705009700,MCHL,58,59,128,299.00,"38,272.00"
2026-05-07,709,2026050705009699,MCHL,42,59,41,299.10,"12,263.10"
2026-05-07,710,2026050705009725,MEHL,17,53,48,377.00,"18,096.00"
2026-05-07,711,2026050705009724,MEHL,49,53,70,377.00,"26,390.00"
2026-05-07,712,2026050705009723,MEHL,42,53,30,377.00,"11,310.00"
2026-05-07,713,2026050705009722,MEHL,57,53,360,377.10,"135,756.00"
2026-05-07,714,2026050705009476,MEHL,57,62,80,377.10,"30,168.00"
2026-05-07,715,2026050705009475,MEHL,34,62,20,377.40,"7,548.00"
2026-05-07,716,2026050705009457,MEHL,58,4,80,378.00,"30,240.00"
2026-05-07,717,2026050705009393,MEL,49,47,71,230.00,"16,330.00"
2026-05-07,718,2026050705009392,MEL,49,52,21,229.10,"4,811.10"
2026-05-07,719,2026050705009384,MEL,34,13,50,229.00,"11,450.00"
2026-05-07,720,2026050705009550,MEL,77,45,10,230.00,"2,300.00"
2026-05-07,721,2026050705009549,MEL,77,39,10,230.00,"2,300.00"
2026-05-07,722,2026050705009548,MEL,77,47,893,230.00,"205,390.00"
2026-05-07,723,2026050705009440,MEL,49,47,80,230.00,"18,400.00"
2026-05-07,724,2026050705009556,MEL,77,45,65,230.00,"14,950.00"
2026-05-07,725,2026050705009555,MEL,77,35,30,230.00,"6,900.00"
2026-05-07,726,2026050705009554,MEL,77,58,10,230.00,"2,300.00"
2026-05-07,727,2026050705009553,MEL,77,42,10,230.00,"2,300.00"
2026-05-07,728,2026050705009552,MEL,77,45,10,230.00,"2,300.00"
2026-05-07,729,2026050705009551,MEL,77,36,10,230.00,"2,300.00"
2026-05-07,730,2026050705009562,MEL,77,1,10,230.00,"2,300.00"
2026-05-07,731,2026050705009561,MEL,77,58,40,230.00,"9,200.00"
2026-05-07,732,2026050705009560,MEL,77,42,10,230.00,"2,300.00"
2026-05-07,733,2026050705009559,MEL,77,52,10,230.00,"2,300.00"
2026-05-07,734,2026050705009558,MEL,77,61,100,230.00,"23,000.00"
2026-05-07,735,2026050705009557,MEL,77,6,200,230.00,"46,000.00"
2026-05-07,736,2026050705009565,MEL,77,19,27,230.00,"6,210.00"
2026-05-07,737,2026050705009564,MEL,77,57,10,230.00,"2,300.00"
2026-05-07,738,2026050705009563,MEL,77,94,45,230.00,"10,350.00"
2026-05-07,739,2026050705009731,MHCL,58,48,24,343.40,"8,241.60"
2026-05-07,740,2026050705009730,MHCL,91,48,170,343.50,"58,395.00"
2026-05-07,741,2026050705009729,MHCL,41,48,106,343.50,"36,411.00"
2026-05-07,742,2026050705009495,MHCL,41,45,500,343.50,"171,750.00"
2026-05-07,743,2026050705009461,MHL,49,47,879,499.10,"438,708.90"
2026-05-07,744,2026050705009428,MHL,49,10,100,499.10,"49,910.00"
2026-05-07,745,2026050705009427,MHL,49,32,21,499.10,"10,481.10"
2026-05-07,746,2026050705009614,MKHC,62,64,440,311.00,"136,840.00"
2026-05-07,747,2026050705009613,MKHC,33,64,500,311.00,"155,500.00"
2026-05-07,748,2026050705009612,MKHC,56,64,10,311.00,"3,110.00"
2026-05-07,749,2026050705009611,MKHC,16,64,10,311.00,"3,110.00"
2026-05-07,750,2026050705009610,MKHC,56,64,10,311.00,"3,110.00"
2026-05-07,751,2026050705009609,MKHC,64,64,150,311.20,"46,680.00"
2026-05-07,752,2026050705009406,MKHC,56,43,10,312.90,"3,129.00"
2026-05-07,753,2026050705009575,MKHC,44,42,"1,070",312.00,"333,840.00"
2026-05-07,754,2026050705009497,MKHC,42,42,70,312.00,"21,840.00"
2026-05-07,755,2026050705009485,MKHC,45,42,220,312.00,"68,640.00"
2026-05-07,756,2026050705009608,MKHC,16,64,10,311.20,"3,112.00"
2026-05-07,757,2026050705009607,MKHC,36,64,15,311.60,"4,674.00"
2026-05-07,758,2026050705009606,MKHC,32,64,170,311.70,"52,989.00"
2026-05-07,759,2026050705009605,MKHC,64,64,150,311.70,"46,755.00"
2026-05-07,760,2026050705009604,MKHC,42,64,35,311.80,"10,913.00"
2026-05-07,761,2026050705009584,MKHC,42,42,65,312.00,"20,280.00"
2026-05-07,762,2026050705009813,MKHL,45,57,140,508.00,"71,120.00"
2026-05-07,763,2026050705009812,MKHL,58,57,10,509.00,"5,090.00"
2026-05-07,764,2026050705009734,MKHL,49,57,53,510.00,"27,030.00"
2026-05-07,765,2026050705009353,MKHL,45,34,50,511.00,"25,550.00"
2026-05-07,766,2026050705009811,MKJC,17,14,366,490.00,"179,340.00"
2026-05-07,767,2026050705009810,MKJC,17,42,10,489.00,"4,890.00"
2026-05-07,768,2026050705009690,MKJC,25,48,436,485.00,"211,460.00"
2026-05-07,769,2026050705009646,MKJC,45,48,60,485.00,"29,100.00"
2026-05-07,770,2026050705009645,MKJC,36,48,40,485.00,"19,400.00"
2026-05-07,771,2026050705009644,MKJC,42,48,30,485.00,"14,550.00"
2026-05-07,772,2026050705009643,MKJC,45,48,200,485.00,"97,000.00"
2026-05-07,773,2026050705009642,MKJC,36,48,200,485.20,"97,040.00"
2026-05-07,774,2026050705009641,MKJC,1,48,34,485.20,"16,496.80"
2026-05-07,775,2026050705009592,MSHL,42,47,46,692.00,"31,832.00"
2026-05-07,776,2026050705009591,MSHL,58,47,14,692.10,"9,689.40"
2026-05-07,777,2026050705009590,MSHL,47,47,40,692.20,"27,688.00"
2026-05-07,778,2026050705009432,MSHL,47,42,10,692.20,"6,922.00"
2026-05-07,779,2026050705009600,NBF2,1,42,"2,500",10.00,"25,000.00"
2026-05-07,780,2026050705009686,NBF3,4,51,"1,000",9.96,"9,960.00"
2026-05-07,781,2026050705009771,NIFRA,6,38,100,261.90,"26,190.00"
2026-05-07,782,2026050705009712,NIFRA,6,49,64,261.90,"16,761.60"
2026-05-07,783,2026050705009598,NIFRA,6,38,100,261.90,"26,190.00"
2026-05-07,784,2026050705009579,NIFRA,35,43,100,261.90,"26,190.00"
2026-05-07,785,2026050705009572,NIFRA,44,38,475,262.00,"124,450.00"
2026-05-07,786,2026050705009571,NIFRA,44,34,400,262.00,"104,800.00"
2026-05-07,787,2026050705009570,NIFRA,44,58,725,262.00,"189,950.00"
2026-05-07,788,2026050705009568,NIFRA,48,58,16,262.00,"4,192.00"
2026-05-07,789,2026050705009524,NIFRA,3,58,159,262.00,"41,658.00"
2026-05-07,790,2026050705009523,NIFRA,3,42,41,262.00,"10,742.00"
2026-05-07,791,2026050705009517,NIFRA,35,48,44,261.90,"11,523.60"
2026-05-07,792,2026050705009498,NIFRA,35,48,56,261.90,"14,666.40"
2026-05-07,793,2026050705009809,NRIC,77,45,630,885.00,"557,550.00"
2026-05-07,794,2026050705009808,NRIC,77,47,45,885.00,"39,825.00"
2026-05-07,795,2026050705009807,NRIC,77,14,50,884.90,"44,245.00"
2026-05-07,796,2026050705009806,NRIC,77,46,12,884.90,"10,618.80"
2026-05-07,797,2026050705009805,NRIC,77,25,100,884.90,"88,490.00"
2026-05-07,798,2026050705009804,NRIC,77,17,40,884.80,"35,392.00"
2026-05-07,799,2026050705009803,NRIC,77,34,60,884.00,"53,040.00"
2026-05-07,800,2026050705009802,NRIC,77,54,48,883.90,"42,427.20"
2026-05-07,801,2026050705009640,NRIC,4,58,"1,000",881.00,"881,000.00"
2026-05-07,802,2026050705009578,NRIC,10,33,50,882.00,"44,100.00"
2026-05-07,803,2026050705009487,NRIC,4,32,20,881.00,"17,620.00"
2026-05-07,804,2026050705009468,NRM,66,72,8,390.20,"3,121.60"
2026-05-07,805,2026050705009467,NRM,66,42,10,390.20,"3,902.00"
2026-05-07,806,2026050705009408,NRN,34,89,80,"1,362.00","108,960.00"
2026-05-07,807,2026050705009458,NRN,59,29,273,"1,363.10","372,126.30"
2026-05-07,808,2026050705009426,NRN,34,29,20,"1,363.10","27,262.00"
2026-05-07,809,2026050705009486,NRN,69,44,7,"1,362.00","9,534.00"
2026-05-07,810,2026050705009472,NRN,69,34,1,"1,362.00","1,362.00"
2026-05-07,811,2026050705009471,NRN,54,65,10,"1,363.00","13,630.00"
2026-05-07,812,2026050705009669,NRN,74,81,200,"1,360.10","272,020.00"
2026-05-07,813,2026050705009668,NRN,49,81,100,"1,360.30","136,030.00"
2026-05-07,814,2026050705009667,NRN,49,81,30,"1,360.40","40,812.00"
2026-05-07,815,2026050705009747,NRN,57,94,67,"1,360.00","91,120.00"
2026-05-07,816,2026050705009746,NRN,57,81,33,"1,360.00","44,880.00"
2026-05-07,817,2026050705009671,NRN,29,81,15,"1,360.00","20,400.00"
2026-05-07,818,2026050705009821,NRN,53,95,44,"1,359.00","59,796.00"
2026-05-07,819,2026050705009820,NRN,6,95,100,"1,359.00","135,900.00"
2026-05-07,820,2026050705009819,NRN,59,95,100,"1,359.10","135,910.00"
2026-05-07,821,2026050705009784,NRN,26,94,19,"1,360.00","25,840.00"
2026-05-07,822,2026050705009783,NRN,71,94,500,"1,360.00","680,000.00"
2026-05-07,823,2026050705009759,NYADI,58,38,10,383.00,"3,830.00"
2026-05-07,824,2026050705009683,NYADI,58,42,10,383.00,"3,830.00"
2026-05-07,825,2026050705009594,NYADI,58,44,40,383.00,"15,320.00"
2026-05-07,826,2026050705009566,NYADI,14,44,25,384.00,"9,600.00"
2026-05-07,827,2026050705009785,PHCL,39,34,15,300.00,"4,500.00"
2026-05-07,828,2026050705009770,PHCL,39,3,10,300.70,"3,007.00"
2026-05-07,829,2026050705009713,PHCL,39,48,110,300.00,"33,000.00"
2026-05-07,830,2026050705009697,PHCL,13,51,200,300.00,"60,000.00"
2026-05-07,831,2026050705009652,PHCL,90,36,120,299.70,"35,964.00"
2026-05-07,832,2026050705009651,PHCL,77,36,880,300.00,"264,000.00"
2026-05-07,833,2026050705009649,PHCL,77,54,20,300.00,"6,000.00"
2026-05-07,834,2026050705009455,PHCL,39,3,10,300.70,"3,007.00"
2026-05-07,835,2026050705009454,PHCL,39,34,50,300.50,"15,025.00"
2026-05-07,836,2026050705009453,PHCL,39,59,70,300.50,"21,035.00"
2026-05-07,837,2026050705009685,PPL,49,52,500,343.50,"171,750.00"
2026-05-07,838,2026050705009684,PPL,49,47,65,342.90,"22,288.50"
2026-05-07,839,2026050705009537,PPL,49,47,145,342.90,"49,720.50"
2026-05-07,840,2026050705009536,PPL,49,38,65,342.00,"22,230.00"
2026-05-07,841,2026050705009488,PPL,83,38,10,342.00,"3,420.00"
2026-05-07,842,2026050705009459,RAWA,10,16,70,573.00,"40,110.00"
2026-05-07,843,2026050705009670,RFPL,34,91,19,367.70,"6,986.30"
2026-05-07,844,2026050705009648,RFPL,84,91,880,368.00,"323,840.00"
2026-05-07,845,2026050705009602,RFPL,42,91,81,368.00,"29,808.00"
2026-05-07,846,2026050705009516,RFPL,84,16,410,369.00,"151,290.00"
2026-05-07,847,2026050705009514,RFPL,32,16,490,369.00,"180,810.00"
2026-05-07,848,2026050705009513,RFPL,32,38,10,369.00,"3,690.00"
2026-05-07,849,2026050705009421,RFPL,42,52,919,368.00,"338,192.00"
2026-05-07,850,2026050705009420,RFPL,34,52,31,368.00,"11,408.00"
2026-05-07,851,2026050705009419,RFPL,34,52,50,368.10,"18,405.00"
2026-05-07,852,2026050705009703,RHGCL,25,49,320,287.00,"91,840.00"
2026-05-07,853,2026050705009702,RHGCL,10,49,180,287.10,"51,678.00"
2026-05-07,854,2026050705009593,RHGCL,10,13,20,287.10,"5,742.00"
2026-05-07,855,2026050705009484,RMF1,34,26,100,9.80,980.00
2026-05-07,856,2026050705009512,RMF1,34,28,150,9.80,"1,470.00"
2026-05-07,857,2026050705009767,RNLI,11,7,1,445.00,445.00
2026-05-07,858,2026050705009535,RNLI,4,57,12,458.00,"5,496.00"
2026-05-07,859,2026050705009500,RNLI,4,42,23,458.00,"10,534.00"
2026-05-07,860,2026050705009450,RNLI,22,6,1,444.30,444.30
2026-05-07,861,2026050705009368,RNLI,4,47,10,458.00,"4,580.00"
2026-05-07,862,2026050705009657,SAGF,56,1,100,10.10,"1,010.00"
2026-05-07,863,2026050705009436,SAGF,56,1,100,10.10,"1,010.00"
2026-05-07,864,2026050705009709,SAHAS,33,57,250,616.20,"154,050.00"
2026-05-07,865,2026050705009647,SAHAS,33,13,200,616.20,"123,240.00"
2026-05-07,866,2026050705009633,SAHAS,43,42,13,616.50,"8,014.50"
2026-05-07,867,2026050705009532,SAHAS,33,28,163,616.20,"100,440.60"
2026-05-07,868,2026050705009531,SAHAS,16,28,550,616.20,"338,910.00"
2026-05-07,869,2026050705009530,SAHAS,13,28,100,616.20,"61,620.00"
2026-05-07,870,2026050705009413,SAHAS,91,74,25,617.00,"15,425.00"
2026-05-07,871,2026050705009529,SAHAS,57,28,100,616.30,"61,630.00"
2026-05-07,872,2026050705009528,SAHAS,58,28,15,616.30,"9,244.50"
2026-05-07,873,2026050705009527,SAHAS,16,28,62,616.30,"38,210.60"
2026-05-07,874,2026050705009526,SAHAS,32,28,10,616.40,"6,164.00"
2026-05-07,875,2026050705009441,SAHAS,21,74,16,617.00,"9,872.00"
2026-05-07,876,2026050705009423,SAHAS,42,74,200,617.00,"123,400.00"
2026-05-07,877,2026050705009823,SANVI,77,58,100,666.00,"66,600.00"
2026-05-07,878,2026050705009773,SANVI,95,58,100,666.00,"66,600.00"
2026-05-07,879,2026050705009494,SANVI,48,52,10,666.00,"6,660.00"
2026-05-07,880,2026050705009597,SEF,14,39,"2,000",9.90,"19,800.00"
2026-05-07,881,2026050705009706,SFEF,41,4,850,9.99,"8,491.50"
2026-05-07,882,2026050705009796,SGHC,58,60,10,361.00,"3,610.00"
2026-05-07,883,2026050705009569,SGHC,43,91,250,360.00,"90,000.00"
2026-05-07,884,2026050705009533,SGHC,14,91,50,360.10,"18,005.00"
2026-05-07,885,2026050705009815,SHIVM,45,45,50,667.00,"33,350.00"
2026-05-07,886,2026050705009814,SHIVM,45,17,200,667.00,"133,400.00"
2026-05-07,887,2026050705009798,SHIVM,22,17,300,667.00,"200,100.00"
2026-05-07,888,2026050705009797,SHIVM,22,41,200,666.90,"133,380.00"
2026-05-07,889,2026050705009738,SHIVM,39,48,63,666.80,"42,008.40"
2026-05-07,890,2026050705009737,SHIVM,74,48,187,666.80,"124,691.60"
2026-05-07,891,2026050705009402,SHIVM,64,67,29,667.00,"19,343.00"
2026-05-07,892,2026050705009391,SHIVM,95,33,380,666.80,"253,384.00"
2026-05-07,893,2026050705009390,SHIVM,51,33,100,666.90,"66,690.00"
2026-05-07,894,2026050705009389,SHIVM,19,33,20,667.00,"13,340.00"
2026-05-07,895,2026050705009509,SHIVM,74,22,10,666.70,"6,667.00"
2026-05-07,896,2026050705009473,SHIVM,95,16,250,666.80,"166,700.00"
2026-05-07,897,2026050705009449,SHIVM,45,22,49,667.00,"32,683.00"
2026-05-07,898,2026050705009448,SHIVM,41,22,500,667.00,"333,500.00"
2026-05-07,899,2026050705009447,SHIVM,39,22,180,667.00,"120,060.00"
2026-05-07,900,2026050705009446,SHIVM,64,22,271,667.00,"180,757.00"
2026-05-07,901,2026050705009728,SHIVM,66,68,100,667.00,"66,700.00"
2026-05-07,902,2026050705009595,SHIVM,74,47,75,666.70,"50,002.50"
2026-05-07,903,2026050705009583,SHIVM,48,47,25,666.70,"16,667.50"
2026-05-07,904,2026050705009518,SHIVM,48,56,295,666.70,"196,676.50"
2026-05-07,905,2026050705009511,SHIVM,48,22,30,666.70,"20,001.00"
2026-05-07,906,2026050705009510,SHIVM,1,22,150,666.70,"100,005.00"
2026-05-07,907,2026050705009774,SIKLES,17,6,50,573.50,"28,675.00"
2026-05-07,908,2026050705009567,SIKLES,17,25,50,573.20,"28,660.00"
2026-05-07,909,2026050705009720,SMATA,6,53,20,755.00,"15,100.00"
2026-05-07,910,2026050705009719,SMATA,1,53,10,755.00,"7,550.00"
2026-05-07,911,2026050705009589,SMH,52,38,50,562.20,"28,110.00"
2026-05-07,912,2026050705009588,SMH,42,38,50,562.20,"28,110.00"
2026-05-07,913,2026050705009587,SMH,52,38,40,562.30,"22,492.00"
2026-05-07,914,2026050705009586,SMH,34,38,53,562.30,"29,801.90"
2026-05-07,915,2026050705009547,SMH,50,16,100,562.50,"56,250.00"
2026-05-07,916,2026050705009546,SMH,16,16,293,562.50,"164,812.50"
2026-05-07,917,2026050705009545,SMH,52,16,20,562.60,"11,252.00"
2026-05-07,918,2026050705009496,SMH,52,59,30,562.60,"16,878.00"
2026-05-07,919,2026050705009824,SMHL,26,97,20,490.90,"9,818.00"
2026-05-07,920,2026050705009758,SMHL,26,97,71,490.90,"34,853.90"
2026-05-07,921,2026050705009757,SMHL,58,97,30,491.00,"14,730.00"
2026-05-07,922,2026050705009756,SMHL,58,97,100,491.00,"49,100.00"
2026-05-07,923,2026050705009755,SMHL,4,97,10,491.00,"4,910.00"
2026-05-07,924,2026050705009754,SMHL,42,97,39,491.00,"19,149.00"
2026-05-07,925,2026050705009519,SMHL,42,97,50,491.00,"24,550.00"
2026-05-07,926,2026050705009483,SMHL,14,97,70,491.10,"34,377.00"
2026-05-07,927,2026050705009482,SMHL,58,97,100,491.10,"49,110.00"
2026-05-07,928,2026050705009417,SMHL,42,58,11,491.00,"5,401.00"
2026-05-07,929,2026050705009379,SMHL,52,97,203,493.00,"100,079.00"
2026-05-07,930,2026050705009801,SMJC,95,1,81,433.50,"35,113.50"
2026-05-07,931,2026050705009769,SMJC,22,1,25,433.90,"10,847.50"
2026-05-07,932,2026050705009765,SMJC,22,52,25,433.90,"10,847.50"
2026-05-07,933,2026050705009764,SMJC,36,52,177,433.90,"76,800.30"
2026-05-07,934,2026050705009717,SMJC,36,52,10,433.90,"4,339.00"
2026-05-07,935,2026050705009716,SMJC,29,52,490,433.90,"212,611.00"
2026-05-07,936,2026050705009707,SMJC,22,52,106,434.00,"46,004.00"
2026-05-07,937,2026050705009666,SMJC,49,52,130,434.00,"56,420.00"
2026-05-07,938,2026050705009665,SMJC,49,52,14,434.00,"6,076.00"
2026-05-07,939,2026050705009404,SMJC,49,7,14,434.00,"6,076.00"
2026-05-07,940,2026050705009403,SMJC,45,7,90,434.00,"39,060.00"
2026-05-07,941,2026050705009715,SONA,58,32,40,432.10,"17,284.00"
2026-05-07,942,2026050705009714,SONA,58,57,10,432.10,"4,321.00"
2026-05-07,943,2026050705009430,SONA,58,42,35,432.10,"15,123.50"
2026-05-07,944,2026050705009429,SONA,8,42,15,432.20,"6,483.00"
2026-05-07,945,2026050705009407,SONA,8,47,10,432.20,"4,322.00"
2026-05-07,946,2026050705009443,SPL,7,58,10,696.00,"6,960.00"
2026-05-07,947,2026050705009410,SPL,7,74,100,696.00,"69,600.00"
2026-05-07,948,2026050705009736,TAMOR,40,21,10,428.00,"4,280.00"
2026-05-07,949,2026050705009435,TAMOR,58,45,10,428.00,"4,280.00"
2026-05-07,950,2026050705009370,TAMOR,36,45,"1,000",428.00,"428,000.00"
2026-05-07,951,2026050705009366,TAMOR,74,45,100,428.00,"42,800.00"
2026-05-07,952,2026050705009365,TAMOR,11,45,100,428.00,"42,800.00"
2026-05-07,953,2026050705009364,TAMOR,42,45,100,428.00,"42,800.00"
2026-05-07,954,2026050705009349,TAMOR,66,3,500,431.00,"215,500.00"
2026-05-07,955,2026050705009348,TAMOR,66,49,50,430.90,"21,545.00"
2026-05-07,956,2026050705009347,TAMOR,66,19,50,430.90,"21,545.00"
2026-05-07,957,2026050705009346,TAMOR,66,43,10,430.90,"4,309.00"
2026-05-07,958,2026050705009357,TAMOR,90,45,100,428.30,"42,830.00"
2026-05-07,959,2026050705009356,TAMOR,56,45,"1,990",428.40,"852,516.00"
2026-05-07,960,2026050705009355,TAMOR,90,45,30,428.50,"12,855.00"
2026-05-07,961,2026050705009354,TAMOR,4,45,22,429.00,"9,438.00"
2026-05-07,962,2026050705009351,TAMOR,66,49,841,431.00,"362,471.00"
2026-05-07,963,2026050705009350,TAMOR,66,42,50,431.00,"21,550.00"
2026-05-07,964,2026050705009363,TAMOR,3,45,220,428.00,"94,160.00"
2026-05-07,965,2026050705009362,TAMOR,6,45,17,428.00,"7,276.00"
2026-05-07,966,2026050705009361,TAMOR,58,45,777,428.00,"332,556.00"
2026-05-07,967,2026050705009360,TAMOR,35,45,120,428.10,"51,372.00"
2026-05-07,968,2026050705009359,TAMOR,44,45,200,428.10,"85,620.00"
2026-05-07,969,2026050705009358,TAMOR,67,45,200,428.20,"85,640.00"
2026-05-07,970,2026050705009834,TPC,7,7,857,363.00,"311,091.00"
2026-05-07,971,2026050705009833,TPC,7,34,146,363.00,"52,998.00"
2026-05-07,972,2026050705009760,TPC,45,34,10,363.00,"3,630.00"
2026-05-07,973,2026050705009515,TPC,49,48,400,361.30,"144,520.00"
2026-05-07,974,2026050705009396,TPC,45,34,10,363.00,"3,630.00"
2026-05-07,975,2026050705009377,TPC,49,101,821,361.30,"296,627.30"
2026-05-07,976,2026050705009376,TPC,44,101,90,361.30,"32,517.00"
2026-05-07,977,2026050705009375,TPC,45,101,549,361.40,"198,408.60"
2026-05-07,978,2026050705009374,TPC,3,101,40,361.50,"14,460.00"
2026-05-07,979,2026050705009373,TPC,99,101,500,361.50,"180,750.00"
2026-05-07,980,2026050705009689,TSHL,18,48,10,595.10,"5,951.00"
2026-05-07,981,2026050705009817,TVCL,91,42,5,500.00,"2,500.00"
2026-05-07,982,2026050705009479,UHEWA,49,58,10,563.00,"5,630.00"
2026-05-07,983,2026050705009844,ULHC,58,57,44,515.00,"22,660.00"
2026-05-07,984,2026050705009782,ULHC,34,58,100,515.00,"51,500.00"
2026-05-07,985,2026050705009751,ULHC,56,16,331,515.00,"170,465.00"
2026-05-07,986,2026050705009750,ULHC,56,46,10,515.00,"5,150.00"
2026-05-07,987,2026050705009749,ULHC,56,40,59,514.00,"30,326.00"
2026-05-07,988,2026050705009721,ULHC,86,44,195,513.90,"100,210.50"
2026-05-07,989,2026050705009708,ULHC,34,44,100,513.90,"51,390.00"
2026-05-07,990,2026050705009541,ULHC,58,35,10,512.00,"5,120.00"
2026-05-07,991,2026050705009540,ULHC,58,91,275,512.00,"140,800.00"
2026-05-07,992,2026050705009718,VLUCL,85,17,200,471.50,"94,300.00"
2026-05-07,993,2026050705009681,VLUCL,85,17,183,471.50,"86,284.50"
2026-05-07,994,2026050705009680,VLUCL,96,17,10,471.50,"4,715.00"
2026-05-07,995,2026050705009679,VLUCL,54,17,10,471.50,"4,715.00"
2026-05-07,996,2026050705009678,VLUCL,35,17,20,471.60,"9,432.00"
2026-05-07,997,2026050705009677,VLUCL,58,17,57,471.60,"26,881.20"
2026-05-07,998,2026050705009676,VLUCL,14,17,200,471.70,"94,340.00"
2026-05-07,999,2026050705009675,VLUCL,51,17,20,473.00,"9,460.00"
2026-05-07,1000,2026050705009434,VLUCL,51,42,10,473.00,"4,730.00"
2026-05-07,1001,2026050705009176,BBC,32,63,10,"4,750.00","47,500.00"
2026-05-07,1002,2026050705009111,BBC,32,39,10,"4,723.80","47,238.00"
2026-05-07,1003,2026050705009237,BEDC,58,14,10,353.90,"3,539.00"
2026-05-07,1004,2026050705009207,BEDC,44,3,40,353.90,"14,156.00"
2026-05-07,1005,2026050705009030,BEDC,1,74,40,352.80,"14,112.00"
2026-05-07,1006,2026050705009029,BEDC,1,52,650,352.50,"229,125.00"
2026-05-07,1007,2026050705009028,BEDC,1,56,10,352.00,"3,520.00"
2026-05-07,1008,2026050705009008,BEDC,49,38,10,350.60,"3,506.00"
2026-05-07,1009,2026050705009114,BEDC,17,3,125,353.90,"44,237.50"
2026-05-07,1010,2026050705009113,BEDC,17,64,75,353.00,"26,475.00"
2026-05-07,1011,2026050705009079,BEDC,17,64,25,353.00,"8,825.00"
2026-05-07,1012,2026050705009078,BEDC,17,33,215,352.90,"75,873.50"
2026-05-07,1013,2026050705009077,BEDC,17,74,60,352.80,"21,168.00"
2026-05-07,1014,2026050705009334,BGWT,47,42,20,627.00,"12,540.00"
2026-05-07,1015,2026050705009150,BGWT,47,38,11,627.00,"6,897.00"
2026-05-07,1016,2026050705008986,BHDC,62,63,462,458.00,"211,596.00"
2026-05-07,1017,2026050705008985,BHDC,62,81,600,458.00,"274,800.00"
2026-05-07,1018,2026050705008984,BHDC,62,6,10,458.00,"4,580.00"
2026-05-07,1019,2026050705008983,BHDC,62,88,11,457.20,"5,029.20"
2026-05-07,1020,2026050705008982,BHDC,62,34,11,457.00,"5,027.00"
2026-05-07,1021,2026050705008981,BHDC,62,57,500,457.00,"228,500.00"
2026-05-07,1022,2026050705008980,BHDC,62,19,177,456.60,"80,818.20"
2026-05-07,1023,2026050705008979,BHDC,62,14,13,456.60,"5,935.80"
2026-05-07,1024,2026050705008978,BHDC,62,62,66,456.00,"30,096.00"
2026-05-07,1025,2026050705009254,BHL,51,33,100,216.40,"21,640.00"
2026-05-07,1026,2026050705009088,BHL,22,28,105,217.00,"22,785.00"
2026-05-07,1027,2026050705009087,BHL,22,58,100,217.00,"21,700.00"
2026-05-07,1028,2026050705009086,BHL,22,33,400,216.90,"86,760.00"
2026-05-07,1029,2026050705009085,BHL,22,52,200,216.90,"43,380.00"
2026-05-07,1030,2026050705009084,BHL,22,91,280,216.80,"60,704.00"
2026-05-07,1031,2026050705009083,BHL,22,95,65,216.80,"14,092.00"
2026-05-07,1032,2026050705009081,BHL,51,49,10,216.40,"2,164.00"
2026-05-07,1033,2026050705009074,BHL,42,51,100,216.50,"21,650.00"
2026-05-07,1034,2026050705008868,BHPL,34,7,74,514.00,"38,036.00"
2026-05-07,1035,2026050705008864,BNHC,49,41,10,316.40,"3,164.00"
2026-05-07,1036,2026050705009231,CHDC,32,16,40,"2,220.00","88,800.00"
2026-05-07,1037,2026050705009096,CHDC,32,16,36,"2,220.00","79,920.00"
2026-05-07,1038,2026050705009095,CHDC,32,62,12,"2,220.00","26,640.00"
2026-05-07,1039,2026050705009094,CHDC,32,34,500,"2,220.00","1,110,000.00"
2026-05-07,1040,2026050705009093,CHDC,32,19,100,"2,219.00","221,900.00"
2026-05-07,1041,2026050705009092,CHDC,32,39,30,"2,219.00","66,570.00"
2026-05-07,1042,2026050705009091,CHDC,32,43,172,"2,218.90","381,650.80"
2026-05-07,1043,2026050705009090,CHDC,32,54,50,"2,218.00","110,900.00"
2026-05-07,1044,2026050705009049,CHDC,20,96,85,"2,212.00","188,020.00"
2026-05-07,1045,2026050705009042,CHDC,32,96,25,"2,212.00","55,300.00"
2026-05-07,1046,2026050705009306,CLI,42,13,100,453.00,"45,300.00"
2026-05-07,1047,2026050705009239,CLI,69,29,389,453.90,"176,567.10"
2026-05-07,1048,2026050705009238,CLI,69,49,12,453.10,"5,437.20"
2026-05-07,1049,2026050705009221,CLI,69,42,13,451.50,"5,869.50"
2026-05-07,1050,2026050705009205,CLI,21,66,72,451.40,"32,500.80"
2026-05-07,1051,2026050705009204,CLI,49,66,10,451.40,"4,514.00"
2026-05-07,1052,2026050705008875,CLI,69,41,108,453.00,"48,924.00"
2026-05-07,1053,2026050705008874,CLI,69,42,217,453.00,"98,301.00"
2026-05-07,1054,2026050705009203,CLI,17,66,52,451.40,"23,472.80"
2026-05-07,1055,2026050705009106,CLI,17,28,13,451.40,"5,868.20"
2026-05-07,1056,2026050705009101,CLI,17,38,13,451.40,"5,868.20"
2026-05-07,1057,2026050705009057,CLI,5,58,92,452.00,"41,584.00"
2026-05-07,1058,2026050705009010,CLI,17,42,13,451.40,"5,868.20"
2026-05-07,1059,2026050705008948,CLI,4,58,30,452.00,"13,560.00"
2026-05-07,1060,2026050705009326,DOLTI,86,41,132,338.00,"44,616.00"
2026-05-07,1061,2026050705009325,DOLTI,86,34,368,337.90,"124,347.20"
2026-05-07,1062,2026050705009041,DOLTI,3,34,965,337.90,"326,073.50"
2026-05-07,1063,2026050705009040,DOLTI,3,58,35,337.00,"11,795.00"
2026-05-07,1064,2026050705009026,DOLTI,34,58,100,337.00,"33,700.00"
2026-05-07,1065,2026050705009025,DOLTI,44,58,25,337.00,"8,425.00"
2026-05-07,1066,2026050705009024,DOLTI,44,58,200,337.00,"67,400.00"
2026-05-07,1067,2026050705009023,DOLTI,34,58,450,337.10,"151,695.00"
2026-05-07,1068,2026050705009022,DOLTI,51,58,140,337.20,"47,208.00"
2026-05-07,1069,2026050705009021,DOLTI,94,58,50,337.30,"16,865.00"
2026-05-07,1070,2026050705008873,DOLTI,42,34,14,337.90,"4,730.60"
2026-05-07,1071,2026050705009229,DORDI,58,13,10,268.00,"2,680.00"
2026-05-07,1072,2026050705009190,DORDI,42,58,10,267.00,"2,670.00"
2026-05-07,1073,2026050705009143,DORDI,52,38,14,268.80,"3,763.20"
2026-05-07,1074,2026050705009060,DORDI,42,42,10,267.00,"2,670.00"
2026-05-07,1075,2026050705009059,DORDI,41,42,10,267.00,"2,670.00"
2026-05-07,1076,2026050705008848,ENL,62,17,100,875.00,"87,500.00"
2026-05-07,1077,2026050705008847,ENL,42,17,300,875.00,"262,500.00"
2026-05-07,1078,2026050705008846,ENL,42,17,50,875.00,"43,750.00"
2026-05-07,1079,2026050705009033,GCIL,57,19,4,405.00,"1,620.00"
2026-05-07,1080,2026050705008916,GCIL,57,56,900,413.00,"371,700.00"
2026-05-07,1081,2026050705009198,GCIL,49,56,100,413.00,"41,300.00"
2026-05-07,1082,2026050705009063,GCIL,49,16,150,413.00,"61,950.00"
2026-05-07,1083,2026050705009032,GVL,20,8,500,486.00,"243,000.00"
2026-05-07,1084,2026050705009031,GVL,20,57,400,485.90,"194,360.00"
2026-05-07,1085,2026050705009302,HATHY,78,4,27,805.00,"21,735.00"
2026-05-07,1086,2026050705009053,HATHY,49,58,2,797.00,"1,594.00"
2026-05-07,1087,2026050705009331,HDL,38,57,20,"1,150.20","23,004.00"
2026-05-07,1088,2026050705009323,HDL,51,57,20,"1,150.00","23,000.00"
2026-05-07,1089,2026050705009321,HDL,51,14,24,"1,150.00","27,600.00"
2026-05-07,1090,2026050705009320,HDL,34,14,20,"1,150.00","23,000.00"
2026-05-07,1091,2026050705009319,HDL,42,14,20,"1,150.00","23,000.00"
2026-05-07,1092,2026050705009318,HDL,52,14,57,"1,150.00","65,550.00"
2026-05-07,1093,2026050705008939,HDL,58,35,3,"1,148.10","3,444.30"
2026-05-07,1094,2026050705009149,HDL,35,50,150,"1,151.00","172,650.00"
2026-05-07,1095,2026050705009148,HDL,35,43,10,"1,150.90","11,509.00"
2026-05-07,1096,2026050705009126,HDL,38,43,10,"1,150.90","11,509.00"
2026-05-07,1097,2026050705009243,HDL,44,17,86,"1,150.10","98,908.60"
2026-05-07,1098,2026050705009242,HDL,32,17,80,"1,150.10","92,008.00"
2026-05-07,1099,2026050705009241,HDL,14,17,20,"1,150.10","23,002.00"
2026-05-07,1100,2026050705009214,HDL,90,90,800,"1,150.20","920,160.00"
2026-05-07,1101,2026050705009200,HDL,90,90,800,"1,150.20","920,160.00"
2026-05-07,1102,2026050705009278,HDL,36,57,82,"1,150.20","94,316.40"
2026-05-07,1103,2026050705009277,HDL,36,17,18,"1,150.10","20,701.80"
2026-05-07,1104,2026050705009264,HDL,57,50,116,"1,150.00","133,400.00"
2026-05-07,1105,2026050705009263,HDL,21,50,134,"1,150.00","154,100.00"
2026-05-07,1106,2026050705009288,HDL,51,69,100,"1,150.00","115,000.00"
2026-05-07,1107,2026050705009311,HDL,42,14,50,"1,150.00","57,500.00"
2026-05-07,1108,2026050705009310,HDL,63,14,100,"1,150.00","115,000.00"
2026-05-07,1109,2026050705009317,HDL,45,14,40,"1,150.00","46,000.00"
2026-05-07,1110,2026050705009316,HDL,52,14,10,"1,150.00","11,500.00"
2026-05-07,1111,2026050705009315,HDL,16,14,19,"1,150.00","21,850.00"
2026-05-07,1112,2026050705009314,HDL,18,14,50,"1,150.00","57,500.00"
2026-05-07,1113,2026050705009313,HDL,19,14,10,"1,150.00","11,500.00"
2026-05-07,1114,2026050705009312,HDL,42,14,100,"1,150.00","115,000.00"
2026-05-07,1115,2026050705009119,HHL,51,97,77,369.30,"28,436.10"
2026-05-07,1116,2026050705009118,HHL,51,97,"1,303",369.30,"481,197.90"
2026-05-07,1117,2026050705009117,HHL,95,97,425,369.40,"156,995.00"
2026-05-07,1118,2026050705009116,HHL,17,97,105,369.50,"38,797.50"
2026-05-07,1119,2026050705009115,HHL,58,97,50,369.50,"18,475.00"
2026-05-07,1120,2026050705009058,HHL,41,97,40,370.00,"14,800.00"
2026-05-07,1121,2026050705009039,HHL,41,58,10,370.00,"3,700.00"
2026-05-07,1122,2026050705009218,HIDCL,80,8,203,265.00,"53,795.00"
2026-05-07,1123,2026050705009217,HIDCL,80,38,62,265.00,"16,430.00"
2026-05-07,1124,2026050705009216,HIDCL,80,88,735,264.80,"194,628.00"
2026-05-07,1125,2026050705009055,HIDCL,34,38,40,265.00,"10,600.00"
2026-05-07,1126,2026050705009054,HIDCL,34,53,60,264.90,"15,894.00"
2026-05-07,1127,2026050705008923,HIDCL,17,53,40,264.90,"10,596.00"
2026-05-07,1128,2026050705008919,HIDCL,34,38,20,265.00,"5,300.00"
2026-05-07,1129,2026050705008886,HIDCL,1,38,10,265.00,"2,650.00"
2026-05-07,1130,2026050705009339,HRL,40,26,50,660.00,"33,000.00"
2026-05-07,1131,2026050705009307,HRL,90,90,"1,000",660.10,"660,100.00"
2026-05-07,1132,2026050705009299,HRL,90,90,"1,000",660.10,"660,100.00"
2026-05-07,1133,2026050705009253,HRL,1,95,100,660.00,"66,000.00"
2026-05-07,1134,2026050705009233,HRL,17,26,100,660.00,"66,000.00"
2026-05-07,1135,2026050705008866,HRL,6,19,30,661.00,"19,830.00"
2026-05-07,1136,2026050705008855,HRL,58,19,150,661.00,"99,150.00"
2026-05-07,1137,2026050705009018,HRL,56,42,21,661.00,"13,881.00"
2026-05-07,1138,2026050705009017,HRL,56,50,10,661.00,"6,610.00"
2026-05-07,1139,2026050705009016,HRL,56,50,60,661.00,"39,660.00"
2026-05-07,1140,2026050705009015,HRL,56,36,10,661.00,"6,610.00"
2026-05-07,1141,2026050705009014,HRL,56,19,109,661.00,"72,049.00"
2026-05-07,1142,2026050705009082,HRL,6,63,20,661.00,"13,220.00"
2026-05-07,1143,2026050705009056,HRL,56,45,200,661.10,"132,220.00"
2026-05-07,1144,2026050705009046,HRL,46,89,19,661.90,"12,576.10"
2026-05-07,1145,2026050705009035,HRL,6,25,280,661.00,"185,080.00"
2026-05-07,1146,2026050705009034,HRL,56,25,20,661.00,"13,220.00"
2026-05-07,1147,2026050705009019,HRL,56,26,100,661.00,"66,100.00"
2026-05-07,1148,2026050705009166,HRL,42,95,30,660.00,"19,800.00"
2026-05-07,1149,2026050705009165,HRL,58,95,25,661.00,"16,525.00"
2026-05-07,1150,2026050705009136,HRL,58,95,75,661.00,"49,575.00"
2026-05-07,1151,2026050705009135,HRL,14,95,125,661.00,"82,625.00"
2026-05-07,1152,2026050705009134,HRL,5,95,300,661.00,"198,300.00"
2026-05-07,1153,2026050705009127,HRL,42,26,100,661.10,"66,110.00"
2026-05-07,1154,2026050705009172,HRL,26,95,20,660.00,"13,200.00"
2026-05-07,1155,2026050705009171,HRL,54,95,100,660.00,"66,000.00"
2026-05-07,1156,2026050705009170,HRL,29,95,40,660.00,"26,400.00"
2026-05-07,1157,2026050705009169,HRL,42,95,75,660.00,"49,500.00"
2026-05-07,1158,2026050705009168,HRL,19,95,50,660.00,"33,000.00"
2026-05-07,1159,2026050705009167,HRL,45,95,10,660.00,"6,600.00"
2026-05-07,1160,2026050705009225,HRL,17,57,100,660.00,"66,000.00"
2026-05-07,1161,2026050705009220,HRL,22,57,100,660.00,"66,000.00"
2026-05-07,1162,2026050705009215,HRL,53,57,300,660.00,"198,000.00"
2026-05-07,1163,2026050705009335,IHL,56,51,10,397.00,"3,970.00"
2026-05-07,1164,2026050705009188,IHL,1,42,10,396.10,"3,961.00"
2026-05-07,1165,2026050705009337,ILI,52,45,40,435.50,"17,420.00"
2026-05-07,1166,2026050705009322,ILI,42,34,2,434.10,868.20
2026-05-07,1167,2026050705009258,ILI,42,45,14,435.90,"6,102.60"
2026-05-07,1168,2026050705009257,ILI,42,26,12,435.90,"5,230.80"
2026-05-07,1169,2026050705009256,ILI,42,34,12,435.50,"5,226.00"
2026-05-07,1170,2026050705009255,ILI,42,4,12,435.00,"5,220.00"
2026-05-07,1171,2026050705008861,ILI,96,94,2,430.10,860.20
2026-05-07,1172,2026050705008854,ILI,96,34,2,430.10,860.20
2026-05-07,1173,2026050705008975,ILI,96,58,2,430.10,860.20
2026-05-07,1174,2026050705008974,ILI,25,51,11,435.00,"4,785.00"
2026-05-07,1175,2026050705008973,ILI,25,16,320,435.00,"139,200.00"
2026-05-07,1176,2026050705008972,ILI,25,5,12,435.00,"5,220.00"
2026-05-07,1177,2026050705008971,ILI,25,58,12,435.00,"5,220.00"
2026-05-07,1178,2026050705008926,ILI,25,17,12,434.10,"5,209.20"
2026-05-07,1179,2026050705009245,ILI,25,58,12,434.50,"5,214.00"
2026-05-07,1180,2026050705009230,ILI,34,34,2,435.00,870.00
2026-05-07,1181,2026050705009138,ILI,25,38,12,434.30,"5,211.60"
2026-05-07,1182,2026050705009137,ILI,25,28,12,434.30,"5,211.60"
2026-05-07,1183,2026050705009110,ILI,34,41,2,435.00,870.00
2026-05-07,1184,2026050705009009,ILI,96,36,2,430.20,860.40
2026-05-07,1185,2026050705008925,KBSH,17,56,19,"1,500.00","28,500.00"
2026-05-07,1186,2026050705009289,KDBY,57,6,100,11.26,"1,126.00"
2026-05-07,1187,2026050705009268,LUK,58,49,200,10.05,"2,010.00"
2026-05-07,1188,2026050705009265,MBJC,19,34,10,280.00,"2,800.00"
2026-05-07,1189,2026050705009234,MBJC,19,42,10,280.00,"2,800.00"
2026-05-07,1190,2026050705009197,MBJC,43,58,10,281.00,"2,810.00"
2026-05-07,1191,2026050705009196,MBJC,43,58,15,281.00,"4,215.00"
2026-05-07,1192,2026050705009195,MBJC,43,35,90,281.00,"25,290.00"
2026-05-07,1193,2026050705009194,MBJC,43,87,10,281.00,"2,810.00"
2026-05-07,1194,2026050705009193,MBJC,43,14,90,281.00,"25,290.00"
2026-05-07,1195,2026050705009124,MBJC,19,5,90,280.00,"25,200.00"
2026-05-07,1196,2026050705009123,MBJC,19,7,10,280.00,"2,800.00"
2026-05-07,1197,2026050705009020,MBJC,58,14,10,279.40,"2,794.00"
2026-05-07,1198,2026050705008867,MBJC,58,21,10,279.30,"2,793.00"
2026-05-07,1199,2026050705009260,MCHL,54,49,72,300.00,"21,600.00"
2026-05-07,1200,2026050705009122,MCHL,51,59,80,300.00,"24,000.00"
2026-05-07,1201,2026050705009100,MCHL,49,59,330,300.00,"99,000.00"
2026-05-07,1202,2026050705009027,MCHL,94,59,100,300.00,"30,000.00"
2026-05-07,1203,2026050705008889,MCHL,74,80,500,298.70,"149,350.00"
2026-05-07,1204,2026050705008853,MCHL,34,80,340,298.60,"101,524.00"
2026-05-07,1205,2026050705008852,MCHL,42,80,100,298.70,"29,870.00"
2026-05-07,1206,2026050705008851,MCHL,77,80,10,299.00,"2,990.00"
2026-05-07,1207,2026050705008850,MCHL,45,80,50,300.00,"15,000.00"
2026-05-07,1208,2026050705009191,MEHL,34,38,10,378.00,"3,780.00"
2026-05-07,1209,2026050705008910,MEHL,57,25,30,377.10,"11,313.00"
2026-05-07,1210,2026050705009303,MEL,52,52,44,229.10,"10,080.40"
2026-05-07,1211,2026050705008885,MEL,57,58,10,229.50,"2,295.00"
2026-05-07,1212,2026050705009222,MEL,52,38,10,229.10,"2,291.00"
2026-05-07,1213,2026050705009213,MEL,52,49,180,229.10,"41,238.00"
2026-05-07,1214,2026050705009212,MEL,57,49,20,229.20,"4,584.00"
2026-05-07,1215,2026050705009107,MHCL,38,54,10,346.00,"3,460.00"
2026-05-07,1216,2026050705008928,MHCL,71,16,190,344.00,"65,360.00"
2026-05-07,1217,2026050705008876,MHCL,58,56,30,345.00,"10,350.00"
2026-05-07,1218,2026050705009269,MKHC,42,38,10,311.80,"3,118.00"
2026-05-07,1219,2026050705009145,MKHC,62,51,10,312.00,"3,120.00"
2026-05-07,1220,2026050705009130,MKHC,42,43,100,312.90,"31,290.00"
2026-05-07,1221,2026050705008860,MKHL,22,56,"1,953",512.00,"999,936.00"
2026-05-07,1222,2026050705009062,MKJC,1,35,66,485.20,"32,023.20"
2026-05-07,1223,2026050705009061,MKJC,17,35,15,485.30,"7,279.50"
2026-05-07,1224,2026050705008992,MKJC,17,35,255,485.30,"123,751.50"
2026-05-07,1225,2026050705008991,MKJC,45,35,"1,000",485.40,"485,400.00"
2026-05-07,1226,2026050705008990,MKJC,57,35,100,485.60,"48,560.00"
2026-05-07,1227,2026050705008989,MKJC,34,35,100,486.00,"48,600.00"
2026-05-07,1228,2026050705008988,MKJC,36,35,80,486.00,"38,880.00"
2026-05-07,1229,2026050705008987,MKJC,7,35,465,486.10,"226,036.50"
2026-05-07,1230,2026050705009290,NBF2,1,48,500,10.00,"5,000.00"
2026-05-07,1231,2026050705009201,NBF3,4,51,500,9.96,"4,980.00"
2026-05-07,1232,2026050705009342,NIFRA,42,42,13,262.00,"3,406.00"
2026-05-07,1233,2026050705009341,NIFRA,42,51,50,262.00,"13,100.00"
2026-05-07,1234,2026050705009340,NIFRA,42,62,87,262.00,"22,794.00"
2026-05-07,1235,2026050705009324,NIFRA,35,58,21,261.70,"5,495.70"
2026-05-07,1236,2026050705009267,NIFRA,45,17,12,261.80,"3,141.60"
2026-05-07,1237,2026050705009266,NIFRA,34,17,188,261.90,"49,237.20"
2026-05-07,1238,2026050705009069,NIFRA,32,62,28,262.00,"7,336.00"
2026-05-07,1239,2026050705009068,NIFRA,32,58,54,262.00,"14,148.00"
2026-05-07,1240,2026050705009067,NIFRA,32,42,10,262.00,"2,620.00"
2026-05-07,1241,2026050705009066,NIFRA,32,22,54,262.00,"14,148.00"
2026-05-07,1242,2026050705009065,NIFRA,32,54,54,261.90,"14,142.60"
2026-05-07,1243,2026050705008915,NIFRA,58,56,10,262.00,"2,620.00"
2026-05-07,1244,2026050705009240,NIFRA,58,8,6,260.00,"1,560.00"
2026-05-07,1245,2026050705009174,NIFRA,34,58,82,261.90,"21,475.80"
2026-05-07,1246,2026050705009173,NIFRA,49,58,100,261.90,"26,190.00"
2026-05-07,1247,2026050705009139,NIFRA,45,62,10,262.00,"2,620.00"
2026-05-07,1248,2026050705009109,NIFRA,50,62,100,262.00,"26,200.00"
2026-05-07,1249,2026050705009089,NIFRA,48,14,44,261.80,"11,519.20"
2026-05-07,1250,2026050705009178,NRIC,19,45,1,880.00,880.00
2026-05-07,1251,2026050705009047,NRIC,19,76,2,880.00,"1,760.00"
2026-05-07,1252,2026050705009038,NRIC,10,19,40,882.00,"35,280.00"
2026-05-07,1253,2026050705009037,NRIC,10,64,50,881.50,"44,075.00"
2026-05-07,1254,2026050705009011,NRIC,74,48,50,880.00,"44,000.00"
2026-05-07,1255,2026050705008856,NRIC,57,62,84,881.50,"74,046.00"
2026-05-07,1256,2026050705008901,NRIC,57,45,15,881.00,"13,215.00"
2026-05-07,1257,2026050705008900,NRIC,53,45,20,881.00,"17,620.00"
2026-05-07,1258,2026050705008899,NRIC,17,45,122,881.50,"107,543.00"
2026-05-07,1259,2026050705008892,NRIC,10,19,300,882.00,"264,600.00"
2026-05-07,1260,2026050705008863,NRIC,17,62,50,881.50,"44,075.00"
2026-05-07,1261,2026050705008906,NRIC,57,45,30,880.00,"26,400.00"
2026-05-07,1262,2026050705008905,NRIC,57,45,88,880.00,"77,440.00"
2026-05-07,1263,2026050705008904,NRIC,39,45,20,880.10,"17,602.00"
2026-05-07,1264,2026050705008903,NRIC,35,45,220,880.50,"193,710.00"
2026-05-07,1265,2026050705008902,NRIC,21,45,34,881.00,"29,954.00"
2026-05-07,1266,2026050705009236,NRM,56,57,25,394.00,"9,850.00"
2026-05-07,1267,2026050705009232,NRM,66,47,10,390.20,"3,902.00"
2026-05-07,1268,2026050705008927,NRM,66,61,222,390.10,"86,602.20"
2026-05-07,1269,2026050705008924,NRM,14,61,153,390.10,"59,685.30"
2026-05-07,1270,2026050705008918,NRM,14,34,10,390.10,"3,901.00"
2026-05-07,1271,2026050705008877,NRM,14,48,10,390.10,"3,901.00"
2026-05-07,1272,2026050705008945,NRN,35,58,5,"1,362.00","6,810.00"
2026-05-07,1273,2026050705008944,NRN,35,78,10,"1,362.00","13,620.00"
2026-05-07,1274,2026050705009151,NRN,22,26,100,"1,361.00","136,100.00"
2026-05-07,1275,2026050705009211,NRN,78,21,1,"1,360.00","1,360.00"
2026-05-07,1276,2026050705009285,NRN,16,29,100,"1,360.30","136,030.00"
2026-05-07,1277,2026050705009284,NRN,57,29,200,"1,360.40","272,080.00"
2026-05-07,1278,2026050705009293,NRN,47,71,14,"1,360.00","19,040.00"
2026-05-07,1279,2026050705009292,NRN,59,71,79,"1,360.00","107,440.00"
2026-05-07,1280,2026050705009291,NRN,62,71,10,"1,360.10","13,601.00"
2026-05-07,1281,2026050705009287,NRN,6,29,200,"1,360.20","272,040.00"
2026-05-07,1282,2026050705009286,NRN,74,29,100,"1,360.20","136,020.00"
2026-05-07,1283,2026050705009297,NRN,59,71,227,"1,360.00","308,720.00"
2026-05-07,1284,2026050705009296,NRN,35,71,100,"1,360.00","136,000.00"
2026-05-07,1285,2026050705009295,NRN,58,71,20,"1,360.00","27,200.00"
2026-05-07,1286,2026050705009294,NRN,53,71,50,"1,360.00","68,000.00"
2026-05-07,1287,2026050705009244,NTC,63,59,160,880.00,"140,800.00"
2026-05-07,1288,2026050705009108,NTC,63,42,140,880.00,"123,200.00"
2026-05-07,1289,2026050705009012,NTC,42,37,50,878.00,"43,900.00"
2026-05-07,1290,2026050705008977,NTC,58,42,39,880.00,"34,320.00"
2026-05-07,1291,2026050705008976,NTC,58,36,10,879.90,"8,799.00"
2026-05-07,1292,2026050705008947,NTC,62,42,16,880.00,"14,080.00"
2026-05-07,1293,2026050705008946,NTC,62,43,20,879.90,"17,598.00"
2026-05-07,1294,2026050705008917,NTC,58,50,3,875.00,"2,625.00"
2026-05-07,1295,2026050705008891,NTC,4,42,25,880.00,"22,000.00"
2026-05-07,1296,2026050705008865,NTC,58,53,10,882.50,"8,825.00"
2026-05-07,1297,2026050705008862,NTC,4,28,50,880.00,"44,000.00"
2026-05-07,1298,2026050705009281,PHCL,39,59,10,300.50,"3,005.00"
2026-05-07,1299,2026050705009156,PHCL,52,28,10,299.60,"2,996.00"
2026-05-07,1300,2026050705009153,PHCL,52,52,"1,500",299.60,"449,400.00"
2026-05-07,1301,2026050705009140,PHCL,81,52,500,299.60,"149,800.00"
2026-05-07,1302,2026050705009133,PHCL,85,25,970,299.00,"290,030.00"
2026-05-07,1303,2026050705009132,PHCL,39,25,500,299.50,"149,750.00"
2026-05-07,1304,2026050705009131,PHCL,51,25,30,300.00,"9,000.00"
2026-05-07,1305,2026050705008896,PHCL,51,48,20,300.00,"6,000.00"
2026-05-07,1306,2026050705008890,PHCL,51,44,450,300.00,"135,000.00"
2026-05-07,1307,2026050705009328,PPL,83,32,10,342.00,"3,420.00"
2026-05-07,1308,2026050705009304,PPL,46,45,37,341.00,"12,617.00"
2026-05-07,1309,2026050705009147,PPL,4,42,460,342.00,"157,320.00"
2026-05-07,1310,2026050705009129,PPL,4,45,500,342.00,"171,000.00"
2026-05-07,1311,2026050705009121,PPL,4,45,500,342.00,"171,000.00"
2026-05-07,1312,2026050705008894,PPL,83,45,310,343.60,"106,516.00"
2026-05-07,1313,2026050705008893,PPL,83,47,90,343.50,"30,915.00"
2026-05-07,1314,2026050705008880,PPL,59,34,10,341.20,"3,412.00"
2026-05-07,1315,2026050705009013,RAWA,42,48,10,572.00,"5,720.00"
2026-05-07,1316,2026050705009163,RFPL,34,5,69,368.00,"25,392.00"
2026-05-07,1317,2026050705009162,RFPL,32,5,60,368.00,"22,080.00"
2026-05-07,1318,2026050705009161,RFPL,59,5,"1,049",368.10,"386,136.90"
2026-05-07,1319,2026050705009160,RFPL,58,5,100,368.10,"36,810.00"
2026-05-07,1320,2026050705009159,RFPL,22,5,15,368.20,"5,523.00"
2026-05-07,1321,2026050705009158,RFPL,49,5,107,368.20,"39,397.40"
2026-05-07,1322,2026050705009157,RFPL,44,5,100,369.10,"36,910.00"
2026-05-07,1323,2026050705009052,RFPL,34,53,100,369.20,"36,920.00"
2026-05-07,1324,2026050705009048,RFPL,22,19,10,369.90,"3,699.00"
2026-05-07,1325,2026050705008879,RFPL,62,68,50,370.00,"18,500.00"
2026-05-07,1326,2026050705008878,RFPL,62,58,50,369.90,"18,495.00"
2026-05-07,1327,2026050705009050,RHGCL,38,48,20,286.20,"5,724.00"
2026-05-07,1328,2026050705009336,RNLI,4,38,12,458.00,"5,496.00"
2026-05-07,1329,2026050705009330,RNLI,4,36,12,458.00,"5,496.00"
2026-05-07,1330,2026050705009309,RNLI,34,58,1,450.00,450.00
2026-05-07,1331,2026050705009206,RNLI,42,59,28,460.00,"12,880.00"
2026-05-07,1332,2026050705008952,RNLI,69,42,12,459.50,"5,514.00"
2026-05-07,1333,2026050705008951,RNLI,69,45,32,459.00,"14,688.00"
2026-05-07,1334,2026050705008950,RNLI,69,47,20,459.00,"9,180.00"
2026-05-07,1335,2026050705008949,RNLI,69,57,12,458.00,"5,496.00"
2026-05-07,1336,2026050705008872,RNLI,21,48,577,457.90,"264,208.30"
2026-05-07,1337,2026050705008958,RNLI,69,58,12,460.00,"5,520.00"
2026-05-07,1338,2026050705008957,RNLI,69,45,12,460.00,"5,520.00"
2026-05-07,1339,2026050705008956,RNLI,69,14,12,460.00,"5,520.00"
2026-05-07,1340,2026050705008955,RNLI,69,21,12,460.00,"5,520.00"
2026-05-07,1341,2026050705008954,RNLI,69,1,12,460.00,"5,520.00"
2026-05-07,1342,2026050705008953,RNLI,69,28,12,459.90,"5,518.80"
2026-05-07,1343,2026050705009076,RNLI,4,17,12,458.00,"5,496.00"
2026-05-07,1344,2026050705009125,RNLI,34,58,1,460.00,460.00
2026-05-07,1345,2026050705009177,RNLI,57,28,12,460.80,"5,529.60"
2026-05-07,1346,2026050705009164,RNLI,57,5,12,460.80,"5,529.60"
2026-05-07,1347,2026050705009146,RNLI,57,46,12,460.80,"5,529.60"
2026-05-07,1348,2026050705009144,RNLI,57,41,100,460.80,"46,080.00"
2026-05-07,1349,2026050705009142,RNLI,42,49,10,460.00,"4,600.00"
2026-05-07,1350,2026050705009141,RNLI,42,28,12,460.00,"5,520.00"
2026-05-07,1351,2026050705009333,SAHAS,4,74,30,617.00,"18,510.00"
2026-05-07,1352,2026050705009332,SAHAS,11,74,10,617.00,"6,170.00"
2026-05-07,1353,2026050705009329,SAHAS,48,74,20,617.00,"12,340.00"
2026-05-07,1354,2026050705009273,SAHAS,35,49,80,617.40,"49,392.00"
2026-05-07,1355,2026050705009252,SAHAS,35,72,100,617.00,"61,700.00"
2026-05-07,1356,2026050705009251,SAHAS,35,42,21,617.00,"12,957.00"
2026-05-07,1357,2026050705008859,SAHAS,58,41,29,616.50,"17,878.50"
2026-05-07,1358,2026050705008858,SAHAS,17,41,50,616.50,"30,825.00"
2026-05-07,1359,2026050705008857,SAHAS,16,41,85,616.50,"52,402.50"
2026-05-07,1360,2026050705009070,SAHAS,58,38,28,616.90,"17,273.20"
2026-05-07,1361,2026050705008994,SAHAS,91,38,10,616.90,"6,169.00"
2026-05-07,1362,2026050705008993,SAHAS,91,49,15,616.60,"9,249.00"
2026-05-07,1363,2026050705008882,SAHAS,16,43,13,616.30,"8,011.90"
2026-05-07,1364,2026050705008881,SAHAS,16,94,10,616.30,"6,163.00"
2026-05-07,1365,2026050705008870,SAHAS,98,41,100,616.50,"61,650.00"
2026-05-07,1366,2026050705009223,SAHAS,35,57,22,616.90,"13,571.80"
2026-05-07,1367,2026050705009210,SAHAS,35,57,978,616.90,"603,328.20"
2026-05-07,1368,2026050705009209,SAHAS,35,49,10,616.90,"6,169.00"
2026-05-07,1369,2026050705009208,SAHAS,35,28,"1,000",616.90,"616,900.00"
2026-05-07,1370,2026050705009189,SAHAS,35,38,12,616.80,"7,401.60"
2026-05-07,1371,2026050705009080,SAHAS,16,17,10,616.30,"6,163.00"
2026-05-07,1372,2026050705009250,SAHAS,35,41,200,617.00,"123,400.00"
2026-05-07,1373,2026050705009249,SAHAS,35,85,121,617.00,"74,657.00"
2026-05-07,1374,2026050705009248,SAHAS,35,34,13,617.00,"8,021.00"
2026-05-07,1375,2026050705009247,SAHAS,35,41,90,617.00,"55,530.00"
2026-05-07,1376,2026050705009246,SAHAS,35,32,13,617.00,"8,021.00"
2026-05-07,1377,2026050705009224,SAHAS,35,57,13,616.90,"8,019.70"
2026-05-07,1378,2026050705009259,SANVI,36,1,100,666.00,"66,600.00"
2026-05-07,1379,2026050705009219,SANVI,97,28,10,664.00,"6,640.00"
2026-05-07,1380,2026050705009187,SANVI,77,39,280,670.00,"187,600.00"
2026-05-07,1381,2026050705009186,SANVI,77,6,15,670.00,"10,050.00"
2026-05-07,1382,2026050705009185,SANVI,77,68,85,670.00,"56,950.00"
2026-05-07,1383,2026050705009184,SANVI,77,52,10,670.00,"6,700.00"
2026-05-07,1384,2026050705008887,SANVI,34,45,10,663.00,"6,630.00"
2026-05-07,1385,2026050705008849,SANVI,67,36,20,665.00,"13,300.00"
2026-05-07,1386,2026050705009183,SANVI,77,42,10,670.00,"6,700.00"
2026-05-07,1387,2026050705009182,SANVI,77,95,500,668.00,"334,000.00"
2026-05-07,1388,2026050705009181,SANVI,77,49,10,667.00,"6,670.00"
2026-05-07,1389,2026050705009180,SANVI,77,22,104,667.00,"69,368.00"
2026-05-07,1390,2026050705009075,SANVI,42,57,10,664.00,"6,640.00"
2026-05-07,1391,2026050705008959,SANVI,53,63,10,662.60,"6,626.00"
2026-05-07,1392,2026050705008943,SBCF,58,63,100,9.80,980.00
2026-05-07,1393,2026050705008914,SBCF,58,29,500,9.80,"4,900.00"
2026-05-07,1394,2026050705008913,SBCF,58,35,400,9.80,"3,920.00"
2026-05-07,1395,2026050705009045,SEF,58,45,900,10.05,"9,045.00"
2026-05-07,1396,2026050705009044,SEF,58,39,100,10.00,"1,000.00"
2026-05-07,1397,2026050705009120,SGHC,43,48,10,360.00,"3,600.00"
2026-05-07,1398,2026050705008869,SGHC,14,91,200,365.00,"73,000.00"
2026-05-07,1399,2026050705009305,SHIVM,64,48,100,667.00,"66,700.00"
2026-05-07,1400,2026050705009276,SHIVM,95,33,366,666.80,"244,048.80"
2026-05-07,1401,2026050705009275,SHIVM,72,33,50,666.90,"33,345.00"
2026-05-07,1402,2026050705009274,SHIVM,3,33,84,666.90,"56,019.60"
2026-05-07,1403,2026050705009072,SHIVM,38,7,55,668.00,"36,740.00"
2026-05-07,1404,2026050705009043,SHIVM,3,22,16,666.90,"10,670.40"
2026-05-07,1405,2026050705008995,SHIVM,74,22,10,666.80,"6,668.00"
2026-05-07,1406,2026050705008942,SHIVM,58,101,980,668.00,"654,640.00"
2026-05-07,1407,2026050705008941,SHIVM,58,28,10,667.80,"6,678.00"
2026-05-07,1408,2026050705008909,SHIVM,44,101,35,668.00,"23,380.00"
2026-05-07,1409,2026050705008908,SHIVM,64,101,137,668.00,"91,516.00"
2026-05-07,1410,2026050705008883,SHIVM,64,58,100,668.00,"66,800.00"
2026-05-07,1411,2026050705009001,SHIVM,20,26,355,668.90,"237,459.50"
2026-05-07,1412,2026050705009000,SHIVM,20,28,500,668.20,"334,100.00"
2026-05-07,1413,2026050705008999,SHIVM,20,33,50,668.10,"33,405.00"
2026-05-07,1414,2026050705008998,SHIVM,20,60,500,668.00,"334,000.00"
2026-05-07,1415,2026050705008997,SHIVM,20,101,148,668.00,"98,864.00"
2026-05-07,1416,2026050705008996,SHIVM,20,56,80,667.90,"53,432.00"
2026-05-07,1417,2026050705009007,SHIVM,20,37,261,669.00,"174,609.00"
2026-05-07,1418,2026050705009006,SHIVM,20,34,200,669.00,"133,800.00"
2026-05-07,1419,2026050705009005,SHIVM,20,42,291,669.00,"194,679.00"
2026-05-07,1420,2026050705009004,SHIVM,20,57,465,669.00,"311,085.00"
2026-05-07,1421,2026050705009003,SHIVM,20,57,50,669.00,"33,450.00"
2026-05-07,1422,2026050705009002,SHIVM,20,29,100,668.90,"66,890.00"
2026-05-07,1423,2026050705009192,SIKLES,45,40,100,574.00,"57,400.00"
2026-05-07,1424,2026050705009036,SIKLES,45,40,109,574.00,"62,566.00"
2026-05-07,1425,2026050705008930,SMATA,57,17,5,752.00,"3,760.00"
2026-05-07,1426,2026050705008920,SMATA,57,59,1,750.00,750.00
2026-05-07,1427,2026050705008907,SMATA,57,65,5,750.00,"3,750.00"
2026-05-07,1428,2026050705008912,SMH,16,34,45,562.50,"25,312.50"
2026-05-07,1429,2026050705008911,SMH,47,34,20,562.60,"11,252.00"
2026-05-07,1430,2026050705009283,SMHL,48,97,200,491.00,"98,200.00"
2026-05-07,1431,2026050705009282,SMHL,41,97,100,491.10,"49,110.00"
2026-05-07,1432,2026050705009073,SMHL,62,58,5,490.10,"2,450.50"
2026-05-07,1433,2026050705009051,SMHL,62,42,1,490.00,490.00
2026-05-07,1434,2026050705008940,SMHL,88,58,10,495.00,"4,950.00"
2026-05-07,1435,2026050705009179,SMJC,45,48,10,434.00,"4,340.00"
2026-05-07,1436,2026050705009064,SMJC,29,58,10,433.90,"4,339.00"
2026-05-07,1437,2026050705009279,SONA,8,13,25,432.20,"10,805.00"
2026-05-07,1438,2026050705009272,SONA,22,14,870,433.00,"376,710.00"
2026-05-07,1439,2026050705009271,SONA,22,90,90,433.00,"38,970.00"
2026-05-07,1440,2026050705009270,SONA,22,22,40,432.90,"17,316.00"
2026-05-07,1441,2026050705009202,SONA,58,42,50,432.10,"21,605.00"
2026-05-07,1442,2026050705009152,SONA,39,5,500,432.00,"216,000.00"
2026-05-07,1443,2026050705008897,SONA,34,58,10,432.00,"4,320.00"
2026-05-07,1444,2026050705008888,SONA,67,57,10,430.90,"4,309.00"
2026-05-07,1445,2026050705009097,SONA,59,5,232,432.20,"100,270.40"
2026-05-07,1446,2026050705009071,SONA,14,17,30,432.80,"12,984.00"
2026-05-07,1447,2026050705008929,SONA,39,22,10,432.00,"4,320.00"
2026-05-07,1448,2026050705008922,SONA,39,48,10,432.00,"4,320.00"
2026-05-07,1449,2026050705008921,SONA,39,43,30,432.00,"12,960.00"
2026-05-07,1450,2026050705008898,SONA,34,43,70,432.00,"30,240.00"
2026-05-07,1451,2026050705009105,SONA,3,22,60,432.90,"25,974.00"
2026-05-07,1452,2026050705009104,SONA,3,28,10,432.90,"4,329.00"
2026-05-07,1453,2026050705009103,SONA,3,7,10,432.80,"4,328.00"
2026-05-07,1454,2026050705009102,SONA,3,17,100,432.80,"43,280.00"
2026-05-07,1455,2026050705009099,SONA,39,5,218,432.00,"94,176.00"
2026-05-07,1456,2026050705009098,SONA,8,5,50,432.10,"21,605.00"
2026-05-07,1457,2026050705009308,SPC,45,17,10,453.40,"4,534.00"
2026-05-07,1458,2026050705009345,TAMOR,66,45,500,430.00,"215,000.00"
2026-05-07,1459,2026050705009344,TAMOR,66,5,10,430.00,"4,300.00"
2026-05-07,1460,2026050705009343,TAMOR,66,8,20,429.50,"8,590.00"
2026-05-07,1461,2026050705009280,TAMOR,4,48,10,429.00,"4,290.00"
2026-05-07,1462,2026050705009128,TAMOR,56,34,10,428.40,"4,284.00"
2026-05-07,1463,2026050705008969,TAMOR,66,57,10,430.00,"4,300.00"
2026-05-07,1464,2026050705008934,TAMOR,66,35,300,429.00,"128,700.00"
2026-05-07,1465,2026050705008933,TAMOR,66,19,50,429.00,"21,450.00"
2026-05-07,1466,2026050705008932,TAMOR,66,56,10,429.00,"4,290.00"
2026-05-07,1467,2026050705008931,TAMOR,66,34,10,428.50,"4,285.00"
2026-05-07,1468,2026050705008884,TAMOR,66,94,10,428.10,"4,281.00"
2026-05-07,1469,2026050705008962,TAMOR,66,49,257,429.60,"110,407.20"
2026-05-07,1470,2026050705008961,TAMOR,66,38,50,429.50,"21,475.00"
2026-05-07,1471,2026050705008960,TAMOR,66,44,300,428.90,"128,670.00"
2026-05-07,1472,2026050705008937,TAMOR,66,49,243,429.60,"104,392.80"
2026-05-07,1473,2026050705008936,TAMOR,66,49,10,429.50,"4,295.00"
2026-05-07,1474,2026050705008935,TAMOR,66,19,50,429.50,"21,475.00"
2026-05-07,1475,2026050705008968,TAMOR,66,51,30,430.00,"12,900.00"
2026-05-07,1476,2026050705008967,TAMOR,66,57,50,430.00,"21,500.00"
2026-05-07,1477,2026050705008966,TAMOR,66,6,60,430.00,"25,800.00"
2026-05-07,1478,2026050705008965,TAMOR,66,19,50,430.00,"21,500.00"
2026-05-07,1479,2026050705008964,TAMOR,66,35,162,429.90,"69,643.80"
2026-05-07,1480,2026050705008963,TAMOR,66,49,"1,000",429.80,"429,800.00"
2026-05-07,1481,2026050705009262,TPC,45,47,100,361.40,"36,140.00"
2026-05-07,1482,2026050705009235,TPC,45,47,351,361.40,"126,851.40"
2026-05-07,1483,2026050705009228,TPC,61,47,100,361.50,"36,150.00"
2026-05-07,1484,2026050705009227,TPC,46,47,10,362.50,"3,625.00"
2026-05-07,1485,2026050705009226,TPC,34,47,29,362.50,"10,512.50"
2026-05-07,1486,2026050705009199,TPC,34,75,20,362.50,"7,250.00"
2026-05-07,1487,2026050705008938,TVCL,91,62,10,500.00,"5,000.00"
2026-05-07,1488,2026050705009327,ULHC,50,91,15,512.00,"7,680.00"
2026-05-07,1489,2026050705009301,ULHC,50,58,10,510.00,"5,100.00"
2026-05-07,1490,2026050705009300,ULHC,50,25,10,510.00,"5,100.00"
2026-05-07,1491,2026050705009261,ULHC,36,44,200,508.00,"101,600.00"
2026-05-07,1492,2026050705009155,ULHC,22,48,100,507.00,"50,700.00"
2026-05-07,1493,2026050705009154,ULHC,22,49,10,506.00,"5,060.00"
2026-05-07,1494,2026050705008871,ULHC,52,38,10,502.10,"5,021.00"
2026-05-07,1495,2026050705009175,USHEC,62,58,10,485.00,"4,850.00"
2026-05-07,1496,2026050705008895,USHEC,62,48,18,485.00,"8,730.00"
2026-05-07,1497,2026050705008970,USHEC,62,58,30,485.00,"14,550.00"
2026-05-07,1498,2026050705009298,USHL,59,28,10,625.20,"6,252.00"
2026-05-07,1499,2026050705009338,VLUCL,58,38,30,471.60,"14,148.00"
2026-05-07,1500,2026050705009112,VLUCL,49,58,10,473.00,"4,730.00"
2026-05-07,1501,2026050705008375,AHL,47,58,10,500.00,"5,000.00"
2026-05-07,1502,2026050705008531,BBC,44,58,6,"4,700.00","28,200.00"
2026-05-07,1503,2026050705008524,BBC,44,41,5,"4,700.00","23,500.00"
2026-05-07,1504,2026050705008506,BEDC,33,49,29,350.00,"10,150.00"
2026-05-07,1505,2026050705008473,BEDC,49,51,10,350.20,"3,502.00"
2026-05-07,1506,2026050705008433,BEDC,49,45,70,351.00,"24,570.00"
2026-05-07,1507,2026050705008505,BEDC,58,49,11,350.00,"3,850.00"
2026-05-07,1508,2026050705008488,BEDC,58,21,89,350.00,"31,150.00"
2026-05-07,1509,2026050705008487,BEDC,26,21,100,350.00,"35,000.00"
2026-05-07,1510,2026050705008486,BEDC,51,21,121,350.00,"42,350.00"
2026-05-07,1511,2026050705008485,BEDC,38,21,200,350.10,"70,020.00"
2026-05-07,1512,2026050705008484,BEDC,49,21,490,350.20,"171,598.00"
2026-05-07,1513,2026050705008828,BGWT,40,42,71,630.00,"44,730.00"
2026-05-07,1514,2026050705008657,BGWT,47,41,11,626.00,"6,886.00"
2026-05-07,1515,2026050705008597,BGWT,47,74,39,626.00,"24,414.00"
2026-05-07,1516,2026050705008356,BGWT,47,48,11,626.00,"6,886.00"
2026-05-07,1517,2026050705008649,BHDC,53,52,12,454.00,"5,448.00"
2026-05-07,1518,2026050705008461,BHDC,62,52,166,455.00,"75,530.00"
2026-05-07,1519,2026050705008801,BHL,42,4,50,216.10,"10,805.00"
2026-05-07,1520,2026050705008791,BHL,42,72,20,216.00,"4,320.00"
2026-05-07,1521,2026050705008707,BHL,42,6,100,216.00,"21,600.00"
2026-05-07,1522,2026050705008598,BHL,54,91,45,216.90,"9,760.50"
